<mjloggm ver="2.3"><GO type="169" lobby="0"/><UN n0="%73%61%77%6C%79" n1="%52%4F%54%54%45%4E" n2="%41%53%41%50%49%4E" n3="%E6%9C%88%E5%8D%83%E4%B8%80%E5%A4%9C" dan="17,16,19,16" rate="2131.52,2100.18,2300.73,2089.45" sx="M,M,M,F"/><TAIKYOKU oya="0"/><INIT seed="0,0,0,3,5,88" ten="250,250,250,250" oya="0" hai0="133,7,48,134,64,109,92,15,82,29,114,19,93" hai1="42,51,21,110,65,45,97,99,1,66,53,33,101" hai2="54,94,40,17,49,35,16,73,127,74,4,91,62" hai3="115,122,120,8,31,11,30,13,44,41,68,26,12"/><T100/><D114/><U84/><E33/><V70/><F35/><W43/><G44/><T113/><D113/><U46/><E110/><V0/><F127/><W72/><G115/><T125/><D125/><U102/><E1/><V61/><F40/><W116/><G68/><T2/><D100/><U24/><E84/><V98/><F4/><W22/><G72/><T67/><D29/><U130/><E130/><V77/><F0/><W38/><G38/><T5/><D109/><U108/><E108/><V56/><F62/><W63/><G63/><T107/><D107/><U27/><E27/><V69/><F69/><W123/><G116/><T75/><D75/><U52/><E53/><V47/><F70/><W36/><G36/><T89/><D82/><U131/><E131/><V112/><F112/><W132/><G132/><N who="0" m="50795" /><D89/><U135/><E135/><V76/><F74/><W95/><G95/><N who="0" m="36427" /><D48/><N who="1" m="26679" /><E102/><V20/><F73/><W103/><G103/><T106/><D106/><U60/><E101/><V28/><F77/><W117/><G117/><T87/><D87/><U57/><E99/><V128/><F76/><W126/><G126/><T39/><D39/><U50/><E97/><V80/><F128/><W118/><G118/><T10/><D7/><U9/><E51/><V79/><F79/><W71/><G31/><T90/><D90/><U119/><E119/><V81/><F81/><W14/><G30/><T3/><D3/><U105/><E105/><V37/><F37/><W104/><G104/><T59/><D59/><U32/><E57/><V58/><F58/><W111/><G71/><T78/><D78/><RYUUKYOKU ba="0,0" sc="250,30,250,-10,250,-10,250,-10" hai0="2,5,10,15,19,64,67" /><INIT seed="0,1,0,3,1,124" ten="280,240,240,240" oya="0" hai0="53,82,65,38,121,97,93,43,5,16,96,107,113" hai1="71,123,23,45,76,68,2,73,39,80,75,48,49" hai2="118,40,111,78,6,95,21,126,41,32,79,47,102" hai3="128,69,44,114,50,105,109,58,27,94,12,37,29"/><T15/><D113/><U100/><E123/><V112/><F32/><W13/><G109/><T22/><D121/><U108/><E108/><V130/><F111/><W66/><G105/><T67/><D38/><U72/><E2/><V110/><F110/><W10/><G114/><T14/><D43/><U54/><E39/><V84/><F112/><W81/><G37/><T0/><D0/><U86/><E100/><V92/><F126/><W19/><G69/><T103/><D82/><U51/><REACH who="1" step="1"/><E23/><REACH who="1" ten="280,230,240,240" step="2"/><V117/><F21/><W89/><G10/><T129/><D129/><U33/><E33/><V34/><F34/><W28/><G128/><T64/><D53/><U42/><E42/><V57/><F102/><W104/><G66/><T25/><REACH who="0" step="1"/><D5/><REACH who="0" ten="270,230,240,240" step="2"/><U11/><E11/><V134/><F6/><W85/><G81/><T3/><D3/><U60/><E60/><V87/><F40/><W116/><G50/><AGARI ba="1,2" hai="45,48,49,50,51,54,68,71,72,73,75,76,80,86" machi="50" ten="50,1600,0" yaku="1,1,53,0" doraHai="124" doraHaiUra="127" who="1" fromWho="3" sc="270,0,230,39,240,0,240,-19" /><INIT seed="1,0,0,4,0,135" ten="270,269,240,221" oya="1" hai0="60,6,37,56,10,83,100,36,29,61,41,2,20" hai1="66,58,119,51,96,69,9,112,49,40,32,33,55" hai2="120,108,94,76,70,115,16,111,24,106,21,65,0" hai3="48,11,59,44,3,62,57,74,13,98,90,34,103"/><U68/><E119/><V71/><F120/><W81/><G34/><T99/><D60/><U107/><E112/><V19/><F106/><W110/><G3/><T45/><D83/><U75/><E75/><V46/><F0/><W91/><G110/><N who="2" m="42025" /><F115/><W5/><G74/><T27/><D37/><U31/><E9/><V39/><F76/><W14/><G14/><T118/><D118/><U7/><E7/><V54/><F65/><W133/><G133/><T93/><D61/><U113/><E113/><V129/><F129/><W92/><G81/><T124/><REACH who="0" step="1"/><D56/><REACH who="0" ten="260,269,240,221" step="2"/><N who="1" m="32895" /><E69/><V102/><F70/><W101/><G59/><T38/><D38/><U4/><E68/><V18/><F71/><W25/><G57/><T116/><D116/><U42/><E58/><V72/><F39/><W84/><G62/><T130/><D130/><U85/><E66/><V53/><F72/><W28/><G48/><T89/><D89/><U50/><E49/><N who="2" m="28855" /><F54/><W125/><G90/><T47/><D47/><U67/><E67/><V128/><F128/><W105/><G44/><T15/><D15/><U117/><E117/><V132/><F132/><W87/><G91/><T73/><D73/><U86/><E50/><V134/><F134/><W97/><G13/><T64/><D64/><U114/><E114/><V35/><F35/><W122/><G122/><T26/><D26/><U17/><E33/><V88/><F102/><W77/><G101/><T126/><AGARI ba="0,1" hai="2,6,10,20,27,29,36,41,45,93,99,100,124,126" machi="126" ten="30,7900,0" yaku="1,1,0,1,52,2,53,0" doraHai="135" doraHaiUra="79" who="0" fromWho="0" sc="260,89,269,-39,240,-20,221,-20" /><INIT seed="2,0,0,5,5,76" ten="349,230,220,201" oya="2" hai0="111,13,46,131,119,123,21,8,100,34,82,83,67" hai1="120,125,71,107,80,0,116,58,74,87,89,72,56" hai2="24,48,11,122,118,54,52,121,132,50,64,133,29" hai3="135,75,128,65,109,26,42,93,63,32,35,117,1"/><V78/><F11/><W103/><G117/><T124/><D111/><U126/><E71/><V59/><F78/><W69/><G75/><N who="1" m="28714" /><E0/><V38/><F38/><W112/><G109/><T61/><D123/><U22/><E116/><V25/><F118/><W60/><G1/><T86/><D131/><U31/><E107/><V99/><F99/><W127/><G127/><N who="1" m="48650" /><E120/><V23/><F64/><W68/><G65/><T3/><D124/><U5/><E5/><V33/><F122/><W51/><G135/><T15/><D34/><U73/><N who="1" m="28722" /><U88/><DORA hai="44" /><E89/><V43/><F43/><W18/><G42/><T85/><D3/><U55/><E55/><V53/><F121/><W92/><G32/><T114/><D119/><U129/><E129/><V97/><F97/><W113/><G35/><T40/><D114/><U115/><E115/><V90/><F90/><W81/><G128/><T4/><D100/><U2/><E2/><V19/><REACH who="2" step="1"/><F53/><REACH who="2" ten="349,230,210,201" step="2"/><W45/><G112/><T105/><D40/><U6/><E6/><V36/><F36/><W10/><G113/><T94/><D4/><U91/><E91/><V12/><F12/><W28/><G103/><T17/><D15/><U30/><E22/><V106/><F106/><W101/><G101/><T79/><D13/><U47/><E47/><AGARI ba="0,1" hai="19,23,24,25,29,33,47,48,50,52,54,59,132,133" machi="47" ten="40,12000,1" yaku="1,1,52,2,54,1,53,0" doraHai="76,44" doraHaiUra="66,77" who="2" fromWho="1" sc="349,0,230,-120,210,130,201,0" /><INIT seed="2,1,0,0,3,100" ten="349,110,340,201" oya="2" hai0="7,133,35,126,132,67,124,8,61,37,44,66,95" hai1="5,88,27,10,90,127,99,102,122,68,45,107,104" hai2="57,101,54,17,46,75,43,41,92,51,112,11,109" hai3="39,110,49,64,119,13,123,96,22,6,114,82,20"/><V103/><F112/><W79/><G110/><T53/><D35/><U63/><E122/><V58/><F75/><W25/><G39/><T26/><D26/><U33/><E127/><N who="0" m="48681" /><D95/><U117/><E117/><V72/><F72/><W135/><G25/><T65/><D8/><U40/><E68/><V15/><F109/><W48/><G6/><T28/><D28/><U1/><E63/><V55/><F46/><W2/><G2/><T130/><D7/><U118/><E118/><V128/><F128/><W21/><G13/><T85/><D85/><U94/><E33/><V125/><F125/><W86/><G123/><T9/><D9/><U89/><REACH who="1" step="1"/><E27/><REACH who="1" ten="349,100,340,201" step="2"/><V76/><F76/><W30/><G79/><T12/><D130/><U24/><E24/><V93/><F103/><W14/><G119/><T83/><D133/><U115/><E115/><V18/><F101/><W105/><G135/><T62/><D62/><U120/><E120/><V84/><F18/><W56/><G114/><T3/><D132/><U60/><E60/><V38/><F17/><W81/><G30/><T74/><D61/><U34/><E34/><V73/><F15/><W87/><G14/><T113/><D12/><U50/><AGARI ba="1,1" hai="1,5,10,40,45,50,88,89,90,94,99,102,104,107" machi="50" ten="30,8000,1" yaku="1,1,0,1,52,2,54,1,53,0" doraHai="100" doraHaiUra="111" who="1" fromWho="1" sc="349,-21,100,93,340,-41,201,-21" /><INIT seed="3,0,0,5,0,31" ten="328,193,299,180" oya="3" hai0="59,3,73,46,125,32,30,51,97,116,57,122,75" hai1="112,58,50,38,49,52,117,64,132,41,118,127,82" hai2="7,123,72,88,11,81,135,108,60,0,133,89,121" hai3="96,55,124,13,100,128,63,74,37,94,65,36,42"/><W24/><G74/><T17/><D116/><N who="1" m="44651" /><E82/><V14/><F108/><W22/><G124/><T8/><D122/><N who="2" m="46602" /><F60/><W12/><G128/><T26/><D125/><U19/><E127/><V76/><F0/><W68/><G55/><T61/><D97/><U131/><E131/><V1/><F1/><W48/><G48/><T43/><D59/><U40/><E19/><V56/><F56/><W92/><G94/><T86/><D86/><U18/><E18/><V102/><F102/><W83/><G83/><T103/><D103/><U62/><E112/><V20/><F20/><W84/><G84/><T67/><REACH who="0" step="1"/><D17/><REACH who="0" ten="318,193,299,180" step="2"/><U115/><E115/><V87/><F87/><W79/><G79/><T44/><D44/><N who="1" m="23575" /><E132/><AGARI ba="0,1" hai="7,11,14,72,76,81,88,89,132,133,135" m="46602" machi="132" ten="30,3900,0" yaku="20,1,13,1,54,1" doraHai="31" who="2" fromWho="1" sc="318,0,193,-39,299,49,180,0" /><INIT seed="4,0,0,1,1,105" ten="318,154,348,180" oya="0" hai0="13,46,116,112,39,107,10,115,78,44,31,48,129" hai1="101,36,90,97,126,103,120,16,94,133,99,89,8" hai2="134,9,109,55,58,82,72,14,123,18,49,125,53" hai3="124,122,11,128,68,110,93,37,117,15,61,73,71"/><T77/><D116/><U60/><E120/><V30/><F123/><W34/><RYUUKYOKU type="yao9" ba="0,0" sc="318,0,154,0,348,0,180,0" hai3="11,15,34,37,61,68,71,73,93,110,117,122,124,128" /><INIT seed="4,1,0,5,4,88" ten="318,154,348,180" oya="0" hai0="82,45,104,15,89,37,46,61,134,36,75,44,35" hai1="13,109,1,106,57,4,105,47,29,3,93,83,135" hai2="0,79,38,119,84,99,90,8,100,22,68,108,58" hai3="53,117,115,28,81,17,14,95,49,56,102,52,121"/><T118/><D118/><U85/><E109/><V133/><F68/><W77/><G115/><T12/><D35/><U34/><E135/><V65/><F119/><W64/><G117/><T92/><D104/><U40/><E106/><V9/><F38/><W96/><G28/><T59/><D134/><U50/><E105/><V87/><F133/><W6/><G121/><T48/><D37/><U55/><E29/><V54/><F108/><W74/><G6/><T43/><D75/><U66/><E66/><V42/><F42/><W18/><G64/><T116/><D116/><U126/><E34/><V114/><F65/><W124/><G124/><T101/><D101/><U127/><E127/><V63/><F114/><W73/><G74/><T91/><D89/><U2/><E126/><V111/><F111/><W33/><G33/><T132/><D82/><U80/><E13/><V107/><F0/><W51/><REACH who="3" step="1"/><G14/><REACH who="3" ten="318,154,348,170" step="2"/><T86/><D132/><U30/><E30/><V129/><F129/><W32/><G32/><T123/><D123/><U27/><E27/><V69/><F69/><W16/><G16/><T72/><D72/><U26/><E26/><V5/><F5/><W20/><G20/><T120/><D120/><U62/><REACH who="1" step="1"/><E4/><REACH who="1" ten="318,144,348,170" step="2"/><V70/><F70/><W125/><G125/><T131/><D15/><U11/><E11/><V31/><F9/><W39/><G39/><T21/><D36/><U67/><E67/><V98/><F8/><W122/><G122/><T19/><D131/><U7/><E7/><V25/><F31/><W112/><G112/><T76/><D12/><U78/><E78/><RYUUKYOKU ba="1,2" sc="318,-15,144,15,348,-15,170,15" hai1="1,2,3,40,47,50,55,57,62,80,83,85,93" hai3="17,18,49,51,52,53,56,73,77,81,95,96,102" /><INIT seed="5,2,2,5,1,47" ten="303,159,333,185" oya="1" hai0="98,44,57,115,75,46,0,36,17,59,80,74,40" hai1="18,69,29,56,62,91,110,19,26,51,88,129,95" hai2="67,39,35,45,127,12,11,10,111,130,97,60,100" hai3="76,72,63,1,2,28,66,22,128,4,8,64,131"/><U78/><E110/><V87/><F111/><W94/><G2/><T50/><D0/><U55/><E129/><N who="3" m="49738" /><G94/><T13/><D115/><U81/><E91/><V37/><F130/><W106/><G106/><T7/><D75/><U124/><E124/><V116/><F35/><W126/><G126/><T133/><D133/><U86/><E62/><V113/><F127/><W23/><G28/><T107/><D7/><U6/><E6/><V49/><F113/><W15/><G1/><T135/><D135/><U41/><E41/><V48/><F87/><W93/><G93/><T108/><D108/><U33/><REACH who="1" step="1"/><E69/><REACH who="1" ten="303,149,333,185" step="2"/><V54/><F60/><W104/><G63/><T30/><D40/><U65/><E65/><V79/><F67/><W85/><G66/><T24/><D36/><U34/><E34/><V90/><F90/><W102/><G64/><T53/><D53/><U99/><AGARI ba="2,3" hai="18,19,26,29,33,51,55,56,78,81,86,88,95,99" machi="99" ten="20,12000,1" yaku="1,1,0,1,7,1,52,1,54,1,53,0" doraHai="47" doraHaiUra="5" who="1" fromWho="1" sc="303,-42,149,156,333,-42,185,-42" /><INIT seed="5,3,0,3,5,40" ten="261,305,291,143" oya="1" hai0="38,124,21,37,32,16,53,54,119,50,25,86,14" hai1="125,111,79,4,52,0,130,28,113,19,15,58,91" hai2="128,44,51,97,77,20,11,23,99,96,80,41,108" hai3="30,66,69,22,47,1,7,27,70,71,31,43,100"/><U73/><E111/><V129/><F108/><W35/><G100/><T126/><D119/><U26/><E130/><N who="2" m="50283" /><F11/><W104/><G104/><T10/><D32/><U64/><E64/><V68/><F68/><W121/><G121/><T127/><D86/><AGARI ba="3,0" hai="20,23,41,44,51,77,80,86,96,97,99" m="50283" machi="86" ten="30,2000,0" yaku="19,1,52,1" doraHai="40" who="2" fromWho="0" sc="261,-29,305,0,291,29,143,0" /><INIT seed="6,0,0,5,0,87" ten="232,305,320,143" oya="2" hai0="60,135,18,41,17,79,74,125,108,132,100,96,122" hai1="119,118,38,24,7,58,49,36,9,51,39,66,11" hai2="130,110,91,85,31,81,88,45,55,48,128,64,62" hai3="28,78,102,76,117,2,114,33,50,67,40,121,105"/><V21/><F110/><W83/><G117/><T131/><D108/><U72/><E72/><V20/><F91/><W70/><G121/><T6/><D122/><U3/><E11/><V93/><F81/><W44/><G2/><T63/><D125/><U52/><E24/><V23/><REACH who="2" step="1"/><F31/><REACH who="2" ten="232,305,310,143" step="2"/><W27/><G83/><T42/><D135/><U89/><E89/><V56/><AGARI ba="0,1" hai="20,21,23,45,48,55,56,62,64,85,88,93,128,130" machi="56" ten="30,12000,1" yaku="1,1,2,1,0,1,52,1,54,1,53,0" doraHai="87" doraHaiUra="116" who="2" fromWho="2" sc="232,-40,305,-40,310,130,143,-40" /><INIT seed="6,1,0,0,1,71" ten="192,265,440,103" oya="2" hai0="62,111,27,104,47,39,78,35,133,65,108,75,126" hai1="55,38,19,118,89,114,28,121,86,90,56,24,29" hai2="105,6,81,58,37,12,92,15,59,110,124,106,91" hai3="109,34,77,41,5,68,116,79,53,54,10,76,52"/><V66/><F37/><W1/><G116/><T3/><D104/><U11/><E118/><V123/><F123/><W43/><G109/><T127/><D3/><U73/><E73/><V0/><F110/><W83/><G68/><N who="0" m="42039" /><D133/><U31/><E121/><V17/><F124/><N who="0" m="47658" /><D35/><U82/><E114/><V113/><F113/><W22/><G34/><T74/><D27/><U98/><E98/><V96/><F81/><W50/><G50/><T13/><D13/><U51/><E90/><V103/><F105/><W72/><G72/><N who="0" m="27691" /><D78/><U131/><E24/><V26/><F26/><W40/><G83/><T63/><D63/><U85/><E85/><V95/><F106/><W4/><G5/><T128/><D128/><U36/><REACH who="1" step="1"/><E131/><REACH who="1" ten="192,255,440,103" step="2"/><V57/><F91/><W20/><AGARI ba="1,1" hai="1,4,10,20,22,40,41,43,52,53,54,76,77,79" machi="20" ten="40,8000,1" yaku="0,1,29,2,54,1" doraHai="71" who="3" fromWho="3" sc="192,-21,255,-21,440,-41,103,93" /><INIT seed="7,0,0,5,5,130" ten="171,234,399,196" oya="3" hai0="15,80,124,74,72,76,103,57,44,128,134,71,108" hai1="21,66,49,56,40,36,90,118,70,7,120,112,123" hai2="121,107,61,50,63,135,88,25,106,48,96,87,27" hai3="78,110,119,127,132,3,31,133,84,100,35,51,115"/><W117/><G3/><T6/><D128/><U29/><E118/><N who="3" m="45066" /><G31/><T126/><D108/><U113/><E7/><V109/><F109/><W32/><G110/><T91/><D71/><U93/><E70/><V111/><F111/><W98/><G115/><N who="1" m="44106" /><E36/><V64/><F27/><W14/><G127/><N who="0" m="48683" /><D74/><U73/><E73/><V114/><F25/><W4/><G51/><T60/><D103/><U5/><E5/><V105/><F50/><W101/><G4/><T97/><D44/><N who="1" m="25735" /><E29/><V81/><F48/><W37/><G37/><T19/><D6/><U30/><E30/><V95/><F114/><W92/><G14/><T104/><D104/><U86/><E21/><V12/><F12/><W22/><G22/><N who="0" m="11647" /><D97/><U20/><E20/><V0/><F105/><N who="3" m="63639" /><G32/><T67/><D91/><U33/><E33/><V13/><F13/><W94/><G35/><T47/><D47/><U89/><E89/><V122/><F0/><W69/><G69/><T99/><D99/><U102/><E102/><V9/><F106/><W10/><G10/><T45/><D45/><U28/><E28/><V23/><F9/><W116/><G116/><T54/><D54/><U125/><E125/><V58/><F23/><W59/><G59/><T8/><D8/><U46/><E46/><V34/><F107/><W11/><G11/><T38/><D38/><U129/><E129/><V85/><F34/><W55/><G55/><T77/><D77/><U39/><E39/><V68/><F68/><W1/><G1/><T82/><D82/><U42/><E42/><V18/><F58/><W24/><G24/><T131/><D131/><RYUUKYOKU ba="0,0" sc="171,15,234,15,399,-15,196,-15" hai0="57,60,67,72,76,80,134" hai1="56,66,86,90,93,120,123" owari="186,-21.0,249,5.0,384,48.0,181,-32.0" /></mjloggm>
