<mjloggm ver="2.3"><GO type="169" lobby="0"/><UN n0="%41%6B%61%2D%75%72%61" n1="%E5%A4%AA%E3%81%8F%E3%81%AA%E3%81%84%E3%81%8A" n2="%E3%81%AD%E3%82%8A%E3%82%B4%E3%83%9E" n3="%E3%83%87%E3%82%B8%E3%82%BF%E3%83%AB%E4%BB%99%E4%BA%BA" dan="16,18,16,19" rate="2111.04,2220.95,2145.96,2243.45" sx="M,F,M,F"/><TAIKYOKU oya="0"/><INIT seed="0,0,0,5,3,20" ten="250,250,250,250" oya="0" hai0="31,99,75,41,73,103,97,120,18,118,29,101,32" hai1="86,96,98,108,45,51,122,46,22,121,123,134,68" hai2="4,93,128,80,119,47,111,115,49,91,38,65,113" hai3="82,37,94,102,34,58,129,131,30,62,87,81,23"/><T19/><D118/><U40/><E68/><V116/><F38/><W16/><G37/><T35/><REACH who="0" step="1"/><D41/><REACH who="0" ten="240,250,250,250" step="2"/><U107/><E40/><V11/><F116/><W105/><G131/><T74/><D74/><U61/><E122/><AGARI ba="0,1" hai="18,19,29,31,32,35,73,75,97,99,101,103,120,122" machi="122" ten="25,4800,0" yaku="1,1,22,2,53,0" doraHai="20" doraHaiUra="50" who="0" fromWho="1" sc="240,58,250,-48,250,0,250,0" /><INIT seed="0,1,0,4,0,12" ten="298,202,250,250" oya="0" hai0="83,62,84,52,40,111,17,14,85,92,29,46,49" hai1="1,73,133,115,80,93,125,82,54,123,64,78,74" hai2="57,113,121,59,19,58,53,98,107,18,24,101,130" hai3="76,95,21,33,55,106,104,110,41,15,119,32,109"/><T28/><D111/><N who="3" m="42505" /><G41/><T77/><D85/><U9/><E123/><V91/><F121/><W94/><G76/><T99/><D40/><U135/><E64/><V103/><F113/><W48/><G119/><T89/><D62/><U37/><E37/><V39/><F39/><W87/><G32/><T102/><REACH who="0" step="1"/><D77/><REACH who="0" ten="288,202,250,250" step="2"/><U5/><E78/><V25/><F130/><W47/><G87/><T124/><D124/><U7/><E125/><V35/><F53/><W105/><G33/><T128/><D128/><U81/><E54/><V60/><F60/><W44/><G47/><T97/><D97/><U3/><E115/><V61/><F61/><W114/><G114/><T126/><D126/><U6/><E74/><V68/><F35/><W2/><G55/><T20/><AGARI ba="1,1" hai="14,17,20,28,29,46,49,52,83,84,89,92,99,102" machi="20" ten="20,18000,2" yaku="1,1,0,1,7,1,8,1,52,1,54,1,53,0" doraHai="12" doraHaiUra="129" who="0" fromWho="0" sc="288,193,202,-61,250,-61,250,-61" /><INIT seed="0,2,0,2,0,75" ten="481,141,189,189" oya="0" hai0="58,107,102,64,109,85,80,114,105,34,133,95,38" hai1="130,56,23,16,116,93,48,110,61,11,123,108,33" hai2="115,28,106,94,20,119,124,131,27,87,76,57,18" hai3="74,111,0,97,30,62,25,15,40,129,42,73,101"/><T126/><D34/><U26/><E123/><V96/><F115/><W17/><G0/><T55/><D114/><U1/><E116/><V127/><F119/><W65/><G129/><T4/><D38/><U22/><E130/><V78/><F131/><W72/><G111/><N who="1" m="42538" /><E48/><V2/><F2/><W10/><G97/><T118/><D118/><U67/><E93/><V79/><F106/><W132/><G101/><T46/><D4/><N who="1" m="1423" /><E23/><V112/><F112/><W84/><G84/><T122/><D122/><U41/><E41/><V90/><F57/><W5/><G132/><T66/><D133/><U134/><E134/><V21/><REACH who="2" step="1"/><F96/><REACH who="2" ten="481,141,179,189" step="2"/><W121/><G121/><T81/><D107/><U50/><E56/><V98/><F98/><W53/><G5/><T49/><D105/><U63/><E67/><V31/><F31/><W24/><G30/><T3/><D3/><U59/><E33/><V125/><F125/><W39/><G65/><T51/><D109/><U37/><E37/><V35/><F35/><W19/><G39/><T7/><D126/><U43/><E59/><V120/><F120/><W103/><G19/><T71/><D64/><U32/><E32/><V92/><F92/><W60/><G17/><T100/><D66/><U52/><E16/><V82/><F82/><W117/><G117/><T128/><D128/><U29/><E29/><V69/><F69/><W8/><G62/><T86/><D71/><U9/><E63/><V13/><AGARI ba="2,1" hai="13,18,20,21,27,28,76,78,79,87,90,94,124,127" machi="13" ten="30,8000,1" yaku="1,1,0,1,52,3,53,0" doraHai="75" doraHaiUra="77" who="2" fromWho="2" sc="481,-42,141,-22,179,96,189,-22" /><INIT seed="1,0,0,4,0,100" ten="439,119,275,167" oya="1" hai0="35,107,120,56,13,58,57,127,23,87,70,93,11" hai1="20,34,109,27,116,38,126,15,39,88,95,131,6" hai2="94,119,89,78,22,90,105,28,50,110,71,129,102" hai3="115,21,86,82,42,74,130,133,45,10,17,32,132"/><U52/><E116/><V68/><F119/><W60/><G32/><T9/><D35/><U79/><E79/><V5/><F5/><W64/><G74/><T81/><D70/><U114/><E114/><V51/><F78/><W48/><G10/><T1/><D127/><U124/><E34/><V18/><F28/><W16/><G130/><T108/><D108/><U55/><E131/><V40/><F110/><W98/><G98/><T8/><D107/><U134/><E109/><V122/><F122/><W101/><G101/><T96/><D1/><U61/><E134/><N who="3" m="51818" /><G21/><T117/><D120/><U111/><E111/><V44/><F89/><N who="3" m="51415" /><G115/><T128/><D128/><U69/><E15/><V135/><F129/><W67/><G67/><T125/><D125/><N who="1" m="48235" /><E6/><V3/><F3/><W43/><G43/><T33/><D33/><U91/><E91/><V14/><F135/><W49/><G49/><T112/><D112/><U75/><E75/><V53/><F51/><W19/><G19/><N who="0" m="10735" /><D117/><U62/><E39/><V77/><F77/><W7/><G7/><T46/><D9/><U54/><E38/><V85/><REACH who="2" step="1"/><F40/><REACH who="2" ten="439,119,265,167" step="2"/><W26/><G26/><T83/><D8/><U65/><E27/><V29/><F29/><W84/><G48/><T72/><D11/><U31/><E31/><V76/><F76/><W2/><G42/><T118/><D72/><U24/><E24/><V106/><F106/><W92/><G2/><T121/><D121/><U0/><E0/><V37/><F37/><W12/><G12/><T104/><D118/><U59/><E20/><V99/><AGARI ba="0,1" hai="14,18,22,44,50,53,68,71,85,90,94,99,102,105" machi="99" ten="30,4000,0" yaku="1,1,0,1,52,1,53,0" doraHai="100" doraHaiUra="123" who="2" fromWho="2" sc="439,-10,119,-20,265,50,167,-10" /><INIT seed="2,0,0,0,1,54" ten="429,99,315,157" oya="2" hai0="98,45,9,122,61,81,84,65,39,97,11,2,83" hai1="21,53,129,94,16,125,57,32,64,42,80,105,93" hai2="59,95,124,120,100,63,12,40,35,52,92,28,6" hai3="133,37,126,46,77,118,127,73,66,87,106,70,108"/><V4/><F120/><W55/><G118/><T22/><D122/><U26/><E105/><V107/><F124/><N who="3" m="47659" /><G106/><T114/><D114/><U123/><E125/><V36/><F107/><W5/><G5/><T62/><D22/><U113/><E123/><V121/><F121/><W17/><G73/><T78/><D61/><N who="1" m="37935" /><E32/><V51/><F36/><W96/><G96/><T102/><D81/><U48/><E113/><V58/><F40/><W135/><G108/><T111/><D111/><U10/><E129/><V134/><F134/><N who="3" m="51211" /><G17/><T1/><D1/><U104/><E104/><V119/><F119/><W8/><G8/><T60/><D11/><U131/><E131/><V44/><F35/><W18/><G18/><T74/><D84/><U15/><E42/><N who="2" m="24983" /><F28/><W85/><G77/><T109/><D78/><U19/><E80/><V56/><F12/><W68/><G37/><T128/><D39/><U7/><E19/><V38/><F38/><W130/><G130/><T99/><D74/><U67/><E67/><V69/><F95/><W101/><G68/><T132/><D132/><U110/><E110/><V24/><F69/><W71/><G71/><T75/><D75/><U13/><E13/><V50/><F24/><W103/><G66/><T115/><D65/><U27/><E27/><V25/><F25/><W88/><G70/><T90/><D109/><U72/><E72/><V41/><F63/><W47/><G55/><T116/><D116/><U76/><E76/><V33/><F33/><W29/><G29/><T89/><D128/><U117/><E117/><V112/><F52/><W82/><G85/><RYUUKYOKU ba="0,0" sc="429,-15,99,15,315,-15,157,15" hai1="7,10,15,16,21,26,48,53,93,94" hai3="46,47,82,87,88,101,103" /><INIT seed="3,1,0,1,1,107" ten="414,114,300,172" oya="3" hai0="66,36,60,55,86,39,15,21,99,95,106,57,91" hai1="19,41,20,17,5,2,128,65,12,105,80,68,37" hai2="109,62,69,45,67,58,112,56,23,89,25,84,115" hai3="74,75,125,59,42,83,27,88,135,72,38,110,3"/><W8/><G27/><T4/><D66/><U6/><E105/><V85/><F109/><W133/><G110/><T1/><D1/><U114/><E114/><V49/><F112/><W124/><G59/><T130/><D130/><U54/><E2/><V103/><F103/><W119/><G119/><T16/><D4/><U13/><E128/><V30/><F115/><W9/><G42/><T100/><AGARI ba="1,0" hai="15,16,21,36,39,55,57,60,86,91,95,99,100,106" machi="100" ten="30,2000,0" yaku="0,1,54,1" doraHai="107" who="0" fromWho="0" sc="414,23,114,-6,300,-6,172,-11" /><INIT seed="4,0,0,0,0,75" ten="437,108,294,161" oya="0" hai0="16,12,1,100,68,128,115,135,126,33,114,67,52" hai1="49,86,53,25,55,70,110,77,82,92,89,106,104" hai2="22,71,63,112,78,24,111,117,85,35,99,62,105" hai3="41,81,20,56,76,127,45,46,132,2,91,119,60"/><T108/><D1/><U44/><E110/><V64/><F111/><W121/><G119/><T36/><D36/><U4/><E70/><V0/><F0/><W3/><G121/><T94/><D108/><U51/><E4/><V10/><F10/><W90/><G20/><T133/><D33/><U50/><E25/><V134/><F117/><W96/><G132/><N who="0" m="50763" /><D126/><U32/><E32/><V73/><F73/><W6/><G127/><T29/><D29/><U48/><REACH who="1" step="1"/><E55/><REACH who="1" ten="437,98,294,161" step="2"/><V61/><F35/><W13/><G6/><T21/><D68/><U58/><E58/><V130/><F71/><W39/><G56/><T15/><D67/><U38/><E38/><V57/><F57/><W131/><G39/><T54/><D128/><U74/><AGARI ba="0,1" hai="44,48,49,50,51,53,74,77,82,86,89,92,104,106" machi="74" ten="30,8000,1" yaku="1,1,0,1,52,1,53,2" doraHai="75" doraHaiUra="102" who="1" fromWho="1" sc="437,-40,98,90,294,-20,161,-20" /><INIT seed="5,0,0,2,2,82" ten="397,188,274,141" oya="1" hai0="45,101,54,64,114,37,131,122,81,95,15,71,39" hai1="28,78,112,1,79,92,91,5,2,103,119,128,6" hai2="14,22,120,94,59,31,63,84,93,44,90,26,107" hai3="13,116,121,3,11,76,65,49,126,72,96,61,53"/><U102/><E119/><V113/><F120/><W35/><G116/><T55/><D114/><U43/><E28/><V70/><F70/><W115/><G121/><T124/><D124/><U36/><E36/><V111/><F111/><W62/><G126/><T66/><D131/><U21/><E112/><V38/><F107/><W57/><G3/><T24/><D24/><U40/><E21/><V77/><F77/><N who="1" m="29193" /><E128/><V33/><F113/><W75/><G35/><T73/><D73/><U0/><E92/><V58/><F58/><W105/><G115/><T118/><D81/><U88/><E103/><V34/><F93/><W16/><G76/><T32/><D101/><U19/><E19/><V9/><F38/><W108/><G108/><T87/><D32/><U106/><E102/><V60/><F33/><W89/><G62/><T129/><D129/><U104/><E104/><V30/><F34/><W80/><G105/><T125/><D125/><U4/><E106/><V110/><F110/><W74/><G96/><T50/><D95/><U123/><E123/><V47/><F60/><W67/><REACH who="3" step="1"/><G61/><REACH who="3" ten="397,188,274,131" step="2"/><T18/><D118/><U7/><N who="1" m="1024" /><DORA hai="98" /><U83/><E83/><V51/><F63/><W12/><G12/><T48/><D122/><U133/><E133/><V117/><F14/><W130/><G130/><T56/><D15/><U68/><E68/><V23/><F117/><W10/><G10/><T46/><D71/><U41/><AGARI ba="0,1" hai="0,1,2,40,41,43,88,91" m="1024,29193" machi="41" ten="60,18000,2" yaku="29,2,28,2,26,2,54,1" doraHai="82,98" who="1" fromWho="1" sc="397,-60,188,190,274,-60,131,-60" /><INIT seed="5,1,0,2,0,96" ten="337,378,214,71" oya="1" hai0="59,45,20,61,57,6,64,67,94,0,39,108,107" hai1="134,58,12,54,33,37,116,62,47,35,123,114,105" hai2="88,42,53,131,124,73,125,126,10,5,117,55,122" hai3="18,98,13,23,46,27,104,121,97,118,8,65,14"/><U68/><E123/><V28/><F117/><W86/><G121/><T89/><D107/><U90/><E116/><V99/><F122/><W129/><G118/><T1/><D108/><U72/><E72/><V113/><F73/><W17/><G129/><T22/><D39/><U75/><E75/><V76/><F131/><W80/><G65/><T51/><D59/><U69/><E105/><V70/><F76/><W93/><G104/><T7/><D64/><U120/><E120/><V83/><F70/><W19/><G46/><T29/><D1/><U92/><E114/><V2/><F42/><W25/><G93/><T16/><D29/><U32/><E134/><V26/><F113/><W91/><REACH who="3" step="1"/><G27/><REACH who="3" ten="337,378,214,61" step="2"/><N who="0" m="14727" /><D0/><U15/><E47/><V111/><F111/><W49/><G49/><T52/><D22/><AGARI ba="1,1" hai="8,13,14,17,18,19,22,23,25,80,86,91,97,98" machi="22" ten="30,3900,0" yaku="1,1,7,1,8,1,53,0" doraHai="96" doraHaiUra="130" who="3" fromWho="0" sc="337,-42,378,0,214,0,61,52" /><INIT seed="6,0,0,4,0,27" ten="295,378,214,113" oya="2" hai0="47,0,7,18,33,88,91,54,92,105,13,119,77" hai1="132,3,48,110,79,108,22,1,87,135,9,122,61" hai2="19,39,46,113,64,70,99,83,80,71,93,130,41" hai3="98,103,133,127,101,16,11,68,86,20,21,124,31"/><V112/><F130/><W65/><G133/><N who="1" m="51274" /><E122/><V118/><F118/><W53/><G53/><T43/><D105/><U100/><E100/><N who="2" m="60527" /><F19/><W72/><G72/><T115/><D115/><N who="2" m="44106" /><F64/><W129/><G129/><T45/><D77/><U128/><E128/><V5/><F5/><W38/><G38/><T24/><D7/><U63/><E108/><V14/><F14/><W73/><G73/><T42/><D0/><U66/><E110/><V75/><F75/><W56/><G68/><AGARI ba="0,0" hai="39,41,46,68,70,71,80,83" m="44106,60527" machi="68" ten="30,1500,0" yaku="15,1" doraHai="27" who="2" fromWho="3" sc="295,0,378,0,214,15,113,-15" /><INIT seed="6,1,0,2,4,103" ten="295,378,229,98" oya="2" hai0="79,15,114,41,93,16,26,50,13,128,106,56,65" hai1="36,62,117,89,127,68,6,1,12,24,129,9,125" hai2="63,52,111,38,92,101,123,18,37,2,102,27,51" hai3="88,23,46,69,85,28,48,99,90,131,95,119,67"/><V32/><F123/><W70/><G119/><T44/><D114/><U66/><E117/><V78/><F2/><W81/><G131/><T47/><D128/><U61/><E129/><V17/><F78/><W22/><G28/><T133/><D133/><U71/><E36/><V132/><F132/><W104/><G104/><T82/><D106/><U100/><E100/><V130/><F130/><W43/><REACH who="3" step="1"/><G67/><REACH who="3" ten="295,378,229,88" step="2"/><T35/><D65/><U64/><E66/><V76/><F111/><W49/><G49/><T77/><D50/><U126/><E64/><V84/><F51/><W120/><G120/><T74/><D47/><U80/><E126/><V72/><F38/><W34/><G34/><T110/><D44/><U97/><E125/><V115/><F32/><W121/><G121/><T83/><D35/><U21/><E127/><V7/><F37/><W124/><G124/><T42/><D110/><U29/><E29/><V112/><F112/><W45/><G45/><T55/><D42/><U118/><E118/><V91/><F115/><W58/><G58/><T87/><D56/><U39/><E39/><V11/><F63/><W122/><G122/><T60/><D60/><U96/><E62/><V113/><F113/><W3/><G3/><T40/><D40/><U53/><E1/><V5/><F52/><W94/><G94/><T107/><D107/><U25/><E53/><V109/><F92/><W116/><G116/><T31/><D55/><U73/><E61/><V33/><F33/><W59/><G59/><T20/><D41/><U19/><E71/><AGARI ba="1,1" hai="22,23,43,46,48,69,70,71,81,85,88,90,95,99" machi="71" ten="40,2600,0" yaku="1,1,54,1,53,0" doraHai="103" doraHaiUra="8" who="3" fromWho="1" sc="295,0,378,-29,229,0,88,39" /><INIT seed="7,0,0,1,1,5" ten="295,349,229,127" oya="3" hai0="29,64,71,72,90,129,92,35,32,81,93,119,6" hai1="2,17,82,124,58,86,8,9,20,12,134,41,98" hai2="31,127,49,83,33,130,126,55,94,120,105,128,97" hai3="115,103,23,74,56,21,133,47,54,53,112,18,99"/><W123/><G123/><T78/><D119/><U42/><E134/><V52/><F120/><W27/><G74/><T69/><D129/><N who="2" m="49770" /><F105/><W45/><G133/><T85/><D92/><U48/><E124/><N who="2" m="47659" /><F49/><W96/><G23/><T121/><D121/><U91/><E2/><V104/><F104/><W50/><G103/><T101/><D64/><U10/><E98/><V95/><F83/><W118/><G118/><T40/><D101/><U114/><E114/><N who="3" m="43562" /><G47/><T88/><D40/><U117/><E117/><V125/><F125/><W19/><G19/><T76/><D35/><U70/><E70/><V79/><F79/><W28/><G18/><T24/><D76/><U43/><E58/><V39/><F39/><W84/><G84/><T100/><D90/><U22/><E22/><V59/><F97/><W36/><G36/><T73/><D100/><U111/><E111/><V67/><F94/><W0/><G0/><T80/><D73/><U132/><E132/><V75/><F95/><W68/><G68/><T62/><D80/><U3/><E3/><V51/><F75/><W63/><AGARI ba="0,0" hai="21,27,28,45,50,53,54,56,63,96,99" m="43562" machi="63" ten="30,1500,0" yaku="15,1" doraHai="5" who="3" fromWho="3" sc="295,-5,349,-5,229,-5,127,15" /><INIT seed="7,1,0,2,4,92" ten="290,344,224,142" oya="3" hai0="90,108,62,42,21,69,64,2,113,99,56,53,30" hai1="120,101,28,71,79,58,119,81,95,12,18,46,50" hai2="39,93,14,100,115,35,110,109,75,129,29,123,84" hai3="126,125,73,66,36,44,87,5,11,89,127,33,74"/><W132/><G33/><T51/><D108/><U38/><E71/><V83/><F75/><W128/><G66/><T19/><D2/><U107/><E120/><V17/><F39/><W22/><G22/><T114/><D42/><U124/><E107/><V91/><F123/><W6/><G128/><T70/><D30/><U85/><E38/><V32/><F32/><W7/><G11/><T116/><D116/><U134/><E134/><V86/><F100/><W13/><G13/><T112/><D90/><U103/><E124/><V26/><F129/><W0/><G0/><T47/><REACH who="0" step="1"/><D99/><REACH who="0" ten="280,344,224,142" step="2"/><U133/><E28/><V24/><F109/><W4/><N who="3" m="1024" /><DORA hai="34" /><W37/><G132/><T106/><D106/><U23/><E133/><V57/><F29/><W105/><G105/><T41/><D41/><N who="1" m="24911" /><E119/><V130/><F110/><W117/><G117/><T96/><D96/><N who="1" m="59551" /><E103/><V118/><F118/><W102/><G102/><T27/><AGARI ba="1,1" hai="19,21,27,47,51,53,56,62,64,69,70,112,113,114" machi="27" ten="30,8000,1" yaku="1,1,0,1,15,1,11,1,53,1" doraHai="92,34" doraHaiUra="59,104" who="0" fromWho="0" sc="280,93,344,-21,224,-21,142,-41" owari="373,48.0,323,12.0,203,-20.0,101,-40.0" /></mjloggm>
