<mjloggm ver="2.3"><GO type="169" lobby="0"/><UN n0="%E3%83%9E%E3%83%86%E3%82%A3%E3%83%BC%E3%83%8B" n1="%43%4C%53" n2="%70%2D%63%68%61%6E" n3="%E2%98%85%E3%83%9B%E3%83%BC%E3%82%B9%E2%98%85" dan="16,18,16,17" rate="2101.64,2207.34,2110.15,2172.05" sx="M,M,M,M"/><TAIKYOKU oya="0"/><INIT seed="0,0,0,5,4,54" ten="250,250,250,250" oya="0" hai0="66,26,0,87,120,50,44,90,59,41,4,96,65" hai1="89,46,64,108,23,85,56,19,58,71,74,53,36" hai2="10,43,80,17,123,101,7,48,28,134,126,52,105" hai3="33,130,124,113,91,61,118,98,1,40,129,95,12"/><T72/><D120/><U47/><E74/><V67/><F123/><W84/><G1/><T97/><D72/><U31/><E108/><V45/><F28/><W16/><G33/><T25/><D4/><U81/><E71/><V30/><F30/><W34/><G34/><T135/><D0/><U76/><E36/><V119/><F134/><W131/><G118/><T3/><D3/><U70/><E70/><V103/><F126/><W6/><G6/><T24/><D135/><U55/><E76/><V122/><F122/><W8/><G124/><T82/><REACH who="0" step="1"/><D66/><REACH who="0" ten="240,250,250,250" step="2"/><U86/><E64/><V27/><F119/><W22/><G113/><T93/><D93/><U20/><E31/><V121/><F121/><W51/><G61/><AGARI ba="0,1" hai="24,25,26,41,44,50,59,61,65,82,87,90,96,97" machi="61" ten="40,12000,1" yaku="1,1,8,1,52,1,53,1" doraHai="54" doraHaiUra="78" who="0" fromWho="3" sc="240,130,250,0,250,0,250,-120" /><INIT seed="0,1,0,5,1,25" ten="370,250,250,130" oya="0" hai0="48,53,64,57,4,87,7,56,54,84,62,45,49" hai1="77,102,44,78,63,110,74,91,58,83,50,121,26" hai2="9,125,115,31,40,24,98,85,36,27,114,42,106" hai3="1,111,123,128,38,8,129,72,94,132,39,18,75"/><T6/><AGARI ba="1,0" hai="4,6,7,45,48,49,53,54,56,57,62,64,84,87" machi="6" ten="30,48000,5" yakuman="37" doraHai="25" who="0" fromWho="0" sc="370,483,250,-161,250,-161,130,-161" owari="853,95.0,89,-11.0,89,-31.0,-31,-53.0" /></mjloggm>
