<mjloggm ver="2.3"><GO type="169" lobby="0"/><UN n0="%43%4C%53" n1="%E4%B8%80%E8%93%AE%E5%B3%BB%E6%BD%A4" n2="%E3%81%A9%E3%83%BC%E3%82%82%E5%83%95%E3%81%A7%E3%81%99" n3="%E7%B4%94%E9%BB%92%4B" dan="19,18,18,16" rate="2223.88,2240.62,2220.98,2105.59" sx="M,M,M,M"/><TAIKYOKU oya="0"/><INIT seed="0,0,0,2,1,7" ten="250,250,250,250" oya="0" hai0="5,71,121,115,44,111,119,38,61,58,68,40,125" hai1="46,105,73,37,116,112,42,110,52,86,80,113,8" hai2="107,123,59,56,82,100,93,84,47,108,99,60,94" hai3="85,14,9,81,34,75,3,96,31,102,134,24,104"/><T43/><D115/><N who="1" m="44107" /><E116/><V98/><F123/><W4/><G134/><T64/><D119/><U25/><E105/><V87/><F108/><W49/><G49/><T128/><D121/><U26/><E110/><V51/><F82/><W67/><G67/><T17/><D5/><U57/><E73/><V39/><F39/><W103/><G103/><T65/><D17/><U72/><E72/><V127/><F127/><W77/><REACH who="3" step="1"/><G75/><REACH who="3" ten="250,250,250,240" step="2"/><T89/><D111/><U19/><E86/><V28/><F51/><W74/><G74/><T45/><D125/><U48/><E80/><V35/><F100/><W97/><G97/><T133/><D133/><U66/><E66/><V41/><F99/><W22/><G22/><T21/><D21/><U135/><E135/><V78/><F98/><W132/><G132/><T90/><D128/><U12/><AGARI ba="0,1" hai="8,12,19,25,26,37,42,46,48,52,57" m="44107" machi="12" ten="30,4000,0" yaku="11,1,52,1,54,1" doraHai="7" who="1" fromWho="1" sc="250,-20,250,50,250,-10,240,-10" /><INIT seed="1,0,0,0,3,99" ten="230,300,240,230" oya="1" hai0="65,103,55,31,62,42,3,0,83,26,102,23,85" hai1="18,108,110,132,70,93,11,28,48,66,89,76,78" hai2="59,5,37,4,120,60,49,25,121,119,100,39,105" hai3="1,52,27,61,2,68,33,54,130,44,98,8,82"/><U38/><E38/><V46/><F119/><W87/><G130/><T109/><D109/><N who="1" m="42091" /><E28/><V16/><F39/><W50/><G8/><T128/><D128/><U115/><E115/><V20/><F37/><W96/><G2/><T57/><D42/><U106/><E106/><V77/><F77/><W30/><G1/><T107/><D107/><U95/><E48/><V22/><F22/><W9/><G9/><T92/><D92/><N who="1" m="35403" /><E89/><V118/><F118/><W64/><REACH who="3" step="1"/><G54/><REACH who="3" ten="230,300,240,220" step="2"/><T35/><D0/><U94/><E11/><V58/><F4/><W117/><G117/><T111/><D111/><U113/><E113/><V19/><F5/><W116/><G116/><T47/><D3/><U63/><E132/><V129/><F129/><W21/><G21/><T133/><D133/><U17/><N who="1" m="35411" /><U6/><DORA hai="24" /><E6/><V123/><F120/><W13/><G13/><T15/><D15/><U126/><E126/><V51/><F121/><W71/><G71/><T36/><D23/><U90/><E90/><AGARI ba="0,1" hai="27,30,33,44,50,52,61,64,68,82,87,90,96,98" machi="90" ten="30,8000,1" yaku="1,1,7,1,52,1,54,1,53,1" doraHai="99,24" doraHaiUra="40,53" who="3" fromWho="1" sc="230,0,300,-80,240,0,220,90" /><INIT seed="2,0,0,0,4,18" ten="230,220,240,310" oya="2" hai0="104,71,116,32,133,111,113,61,70,95,58,125,3" hai1="24,11,127,35,83,91,100,46,33,43,38,57,75" hai2="27,67,59,39,93,129,90,131,121,73,66,42,5" hai3="102,13,108,64,132,82,1,60,123,9,12,2,84"/><V15/><F121/><W23/><G123/><T19/><RYUUKYOKU type="yao9" ba="0,0" sc="230,0,220,0,240,0,310,0" hai0="3,19,32,58,61,70,71,95,104,111,113,116,125,133" /><INIT seed="2,1,0,5,5,94" ten="230,220,240,310" oya="2" hai0="6,105,76,22,35,32,45,114,4,17,46,123,133" hai1="74,92,125,56,38,65,39,73,91,77,47,101,11" hai2="57,78,60,19,62,30,13,63,61,134,127,83,131" hai3="8,111,124,53,82,89,96,43,103,100,21,12,50"/><V72/><F131/><W33/><G111/><T48/><D123/><U88/><E125/><V10/><F134/><W44/><G124/><T31/><D133/><U67/><E101/><V29/><REACH who="2" step="1"/><F127/><REACH who="2" ten="230,220,230,310" step="2"/><W93/><G33/><T108/><D35/><U25/><E73/><V121/><F121/><W0/><G0/><T80/><D32/><U36/><E74/><V106/><F106/><W24/><G82/><T64/><D105/><U87/><E39/><V135/><F135/><W40/><G40/><T37/><D37/><U81/><E38/><V104/><F104/><W98/><G43/><T128/><D80/><U129/><E129/><V109/><F109/><W117/><G117/><T75/><D128/><U99/><E36/><V110/><F110/><W27/><G21/><T97/><D22/><U3/><E3/><V122/><F122/><W2/><G2/><T52/><D75/><U9/><E81/><V59/><F59/><W132/><G132/><T55/><D108/><U112/><E56/><V49/><F49/><W70/><G50/><T68/><D48/><U115/><E115/><V16/><F16/><W42/><G42/><T126/><D17/><U26/><E112/><V119/><F119/><W15/><G8/><T71/><D126/><U66/><E9/><V54/><AGARI ba="1,1" hai="10,13,19,29,30,54,57,60,61,62,63,72,78,83" machi="54" ten="30,6000,0" yaku="1,1,0,1,53,1" doraHai="94" doraHaiUra="7" who="2" fromWho="2" sc="230,-21,220,-21,230,73,310,-21" /><INIT seed="2,2,0,4,5,99" ten="209,199,303,289" oya="2" hai0="94,2,50,107,33,69,43,18,117,127,37,82,111" hai1="64,19,11,95,109,31,24,39,100,115,65,47,15" hai2="36,120,9,123,77,74,63,72,30,60,96,93,91" hai3="6,28,7,110,105,12,58,124,108,76,16,44,129"/><V3/><F36/><W81/><G105/><T22/><D94/><U112/><E109/><N who="3" m="42090" /><G124/><T101/><D50/><U14/><E39/><V41/><F41/><W52/><G28/><T27/><D43/><U21/><E47/><V66/><F30/><W85/><G44/><T73/><D82/><U35/><E115/><V51/><F51/><N who="3" m="31007" /><G129/><T26/><D37/><U57/><E112/><V114/><F114/><W10/><AGARI ba="2,0" hai="6,7,10,12,16,76,81,85" m="31007,42090" machi="10" ten="30,4000,0" yaku="14,1,54,2" doraHai="99" who="3" fromWho="3" sc="209,-12,199,-12,303,-22,289,46" /><INIT seed="3,0,0,1,4,85" ten="197,187,281,335" oya="3" hai0="38,2,110,129,45,105,112,132,95,44,69,24,117" hai1="100,41,78,18,108,75,3,86,126,115,53,89,97" hai2="36,56,111,107,33,93,1,16,34,134,7,125,49" hai3="121,4,70,46,114,20,29,66,6,99,63,71,31"/><W35/><G121/><T135/><RYUUKYOKU type="yao9" ba="0,0" sc="197,0,187,0,281,0,335,0" hai0="2,24,38,44,45,69,95,105,110,112,117,129,132,135" /><INIT seed="3,1,0,2,2,47" ten="197,187,281,335" oya="3" hai0="90,39,30,123,3,61,75,14,99,34,64,106,48" hai1="102,57,18,79,80,130,131,101,59,32,103,41,44" hai2="37,135,92,113,84,22,85,56,111,9,119,38,11" hai3="42,24,118,60,112,46,62,19,69,63,124,110,8"/><W52/><G112/><T6/><D123/><U2/><E32/><V117/><F113/><W71/><G118/><T129/><D129/><N who="1" m="49163" /><E18/><V132/><F56/><N who="1" m="21577" /><E2/><V4/><F22/><W58/><G124/><T25/><D75/><N who="1" m="43135" /><E103/><V95/><REACH who="2" step="1"/><F4/><REACH who="2" ten="197,187,271,335" step="2"/><W0/><G110/><AGARI ba="1,1" hai="9,11,37,38,84,85,92,95,110,111,117,119,132,135" machi="110" ten="25,6400,0" yaku="1,1,2,1,22,2,53,0" doraHai="47" doraHaiUra="23" who="2" fromWho="3" sc="197,0,187,0,271,77,335,-67" /><INIT seed="4,0,0,5,2,18" ten="197,187,348,268" oya="0" hai0="105,72,101,115,33,44,118,15,23,70,49,85,79" hai1="114,82,64,54,40,88,55,13,92,100,42,59,119" hai2="95,47,6,12,106,9,128,112,133,75,34,5,29" hai3="99,21,37,1,0,110,123,108,91,74,94,97,125"/><T120/><D115/><U69/><E119/><V53/><F106/><W32/><G32/><T65/><D118/><U124/><E124/><V4/><F75/><W67/><G125/><T78/><D120/><U129/><E129/><V50/><F112/><W134/><G123/><T63/><D33/><U51/><E114/><V121/><F121/><W117/><G117/><T89/><D72/><U17/><E69/><V109/><F109/><W103/><G37/><T2/><D2/><U45/><E64/><V77/><F133/><W62/><G74/><T113/><D113/><U25/><E25/><V87/><F128/><W20/><G134/><T84/><D84/><N who="1" m="50199" /><E92/><V111/><F111/><W58/><G110/><T96/><D15/><U16/><E17/><V130/><F130/><W46/><G46/><T98/><D98/><U22/><E100/><V36/><F95/><N who="3" m="58815" /><G108/><T116/><D116/><U41/><E55/><V126/><F36/><W61/><G61/><T31/><D89/><U48/><AGARI ba="0,0" hai="13,16,22,40,41,42,45,48,51,54,59" m="50199" machi="48" ten="30,7900,0" yaku="8,1,52,1,54,2" doraHai="18" who="1" fromWho="1" sc="197,-39,187,79,348,-20,268,-20" /><INIT seed="5,0,0,0,3,64" ten="158,266,328,248" oya="1" hai0="76,112,78,45,113,9,5,79,62,107,33,19,15" hai1="47,101,90,16,42,24,22,129,3,55,119,54,96" hai2="134,72,37,11,116,10,94,7,28,29,111,66,102" hai3="71,61,98,1,117,25,110,56,4,95,48,49,20"/><U92/><E119/><V38/><F116/><W51/><G110/><T18/><D107/><U93/><E129/><V43/><F111/><W89/><G117/><T121/><D33/><U41/><E3/><V53/><F72/><W35/><G35/><T50/><D62/><U77/><E77/><V91/><F102/><W34/><G34/><T86/><D121/><U60/><E60/><V123/><F66/><W75/><G75/><T44/><D86/><U8/><E8/><V124/><F123/><W65/><G1/><T88/><D88/><U108/><E108/><V115/><F11/><W21/><G4/><T30/><D30/><U109/><E109/><V2/><F124/><W17/><REACH who="3" step="1"/><G20/><REACH who="3" ten="158,266,328,238" step="2"/><T105/><D5/><U23/><E23/><V36/><F7/><W104/><G104/><T125/><D105/><U68/><E68/><AGARI ba="0,1" hai="17,21,25,48,49,51,56,61,65,68,71,89,95,98" machi="68" ten="40,8000,1" yaku="1,1,52,2,53,1" doraHai="64" doraHaiUra="84" who="3" fromWho="1" sc="158,0,266,-80,328,0,238,90" /><INIT seed="6,0,0,0,2,26" ten="158,186,328,328" oya="2" hai0="3,13,64,51,77,7,80,84,23,96,126,112,90" hai1="5,103,89,21,50,8,56,113,78,114,122,123,41" hai2="62,36,6,25,2,12,30,97,107,74,15,79,111" hai3="54,95,60,127,87,22,120,49,10,34,106,55,31"/><V11/><F111/><W94/><G106/><T57/><D112/><N who="1" m="43115" /><E103/><V86/><F36/><W121/><G34/><T76/><D126/><U73/><E89/><V44/><F74/><W33/><G33/><T133/><D133/><U116/><E116/><V24/><F44/><W4/><G127/><T1/><D1/><U68/><E68/><V40/><F40/><W66/><G121/><T46/><D3/><U16/><E78/><V61/><F25/><N who="3" m="16823" /><G120/><N who="1" m="46122" /><E73/><V59/><F107/><W119/><G87/><T48/><D96/><U45/><E56/><V27/><F97/><W118/><G118/><T124/><D124/><U9/><E5/><V85/><F85/><W63/><G119/><T19/><D7/><U115/><N who="1" m="43123" /><U72/><DORA hai="43" /><E72/><V102/><F86/><W17/><G4/><T135/><D135/><U130/><E130/><V109/><F79/><W83/><G83/><T20/><D64/><U75/><E75/><V101/><F6/><W69/><G69/><T104/><D104/><U117/><E117/><V98/><F98/><W29/><G66/><T91/><D76/><U58/><E58/><V81/><F81/><W18/><G95/><T100/><D100/><U65/><E65/><V71/><F71/><W108/><G94/><T88/><D57/><U28/><E28/><V99/><F99/><W132/><G29/><T92/><D92/><U52/><E41/><V47/><F30/><W39/><G132/><T42/><D51/><U67/><E67/><V53/><F102/><W131/><G49/><T0/><D0/><U125/><E125/><V37/><F101/><RYUUKYOKU ba="0,0" sc="158,15,186,15,328,-15,328,-15" hai0="13,19,20,23,42,46,48,77,80,84,88,90,91" hai1="8,9,16,21,45,50,52" /><INIT seed="7,1,0,0,2,69" ten="173,201,313,313" oya="3" hai0="132,0,18,17,29,12,86,24,64,120,93,42,55" hai1="56,28,90,60,106,63,43,113,39,16,117,76,11" hai2="122,37,96,52,48,32,40,74,33,21,94,5,71" hai3="107,10,79,119,4,73,84,75,134,1,100,41,31"/><W116/><G134/><T124/><D120/><U27/><E106/><V127/><F74/><N who="3" m="28171" /><G84/><T35/><D132/><U97/><E113/><V81/><F71/><W91/><G91/><T61/><D124/><U105/><E76/><V103/><F127/><W30/><G79/><T82/><D0/><U15/><E117/><V57/><F122/><W130/><G31/><T65/><D93/><U125/><E125/><V23/><F81/><W109/><G41/><T78/><D42/><U95/><E105/><V123/><F5/><W85/><G85/><T126/><D126/><U19/><E19/><V112/><F112/><W104/><G30/><T3/><D3/><U51/><E39/><V9/><F9/><W58/><G107/><T128/><D128/><U13/><E13/><V88/><F88/><W118/><G58/><T72/><D72/><U133/><E133/><V68/><F68/><W83/><G83/><T80/><D80/><U49/><E43/><V25/><F123/><W92/><G92/><T87/><D87/><U110/><E110/><V101/><F101/><W47/><G47/><T7/><D7/><U2/><E2/><V38/><F23/><W129/><G109/><T102/><D102/><U20/><REACH who="1" step="1"/><E63/><REACH who="1" ten="173,191,313,313" step="2"/><V22/><F38/><W114/><G114/><T34/><D18/><U62/><E62/><V53/><F40/><W46/><G129/><T36/><D36/><U50/><E50/><N who="2" m="30871" /><F37/><W6/><G130/><T98/><D12/><U121/><E121/><V135/><F135/><W8/><G1/><T108/><D108/><U77/><E77/><V111/><F111/><RYUUKYOKU ba="1,1" sc="173,-10,191,30,313,-10,313,-10" hai1="11,15,16,20,27,28,49,51,56,60,90,95,97" owari="163,-34.0,221,-18.0,313,42.0,303,10.0" /></mjloggm>
