<mjloggm ver="2.3"><GO type="169" lobby="0"/><UN n0="rule-based-0" n1="target-player" n2="rule-based-2" n3="rule-based-3"/><TAIKYOKU oya="0"/><INIT seed="0,0,0,,,114" ten="250,250,250,250" oya="0" hai0="9,40,18,134,129,25,46,111,131,120,51,1,104" hai1="123,22,86,7,98,64,53,36,109,61,122,116,117" hai2="12,83,2,35,78,89,108,67,107,58,103,130,126" hai3="90,128,87,102,21,75,44,65,42,88,125,80,124" /><T6/><D111/><U32/><E109/><V112/><F108/><W100/><G128/><T28/><D120/><U14/><E32/><V0/><F112/><W54/><G21/><N who="0" m="15407" /><D134/><U85/><E36/><V94/><F126/><N who="3" m="48747" /><G65/><T113/><D113/><U62/><E98/><V68/><F130/><N who="0" m="49674" /><D18/><N who="1" m="10583" /><E7/><V13/><F35/><W19/><G19/><T27/><D27/><U38/><E38/><V110/><F110/><W106/><G106/><AGARI ba="0,0" hai="1,6,9,40,46,51,104,106" m="49674,15407" machi="106" ten="30,1500,0" yaku="19,1" doraHai="114" who="0" fromWho="3" sc="250,15,250,0,250,0,250,-15" /><INIT seed="0,1,0,,,35" ten="265,250,250,235" oya="0" hai0="66,29,79,88,121,114,128,94,4,41,28,58,133" hai1="101,82,48,30,38,10,11,127,62,130,64,31,91" hai2="57,86,93,135,55,12,56,132,104,124,13,21,19" hai3="37,87,122,98,9,112,26,110,61,70,20,100,0" /><T102/><D114/><U73/><E127/><V72/><F124/><W105/><G110/><T36/><D121/><U108/><E108/><V63/><F72/><W134/><G112/><T7/><D128/><U111/><E111/><V40/><F104/><N who="3" m="63511" /><G122/><T131/><D131/><U116/><E116/><V126/><F126/><W67/><G134/><N who="2" m="51241" /><F40/><W125/><G125/><T18/><D133/><U81/><E130/><V16/><F86/><W2/><G37/><T34/><D18/><N who="2" m="6698" /><F93/><W96/><G87/><T119/><D119/><U115/><E115/><V97/><F97/><W117/><G117/><T77/><D34/><U53/><E38/><V120/><F120/><W71/><G105/><T51/><D36/><U69/><E101/><V75/><F75/><W39/><G39/><T89/><D41/><U45/><E73/><V84/><F84/><W65/><G96/><T113/><D113/><U1/><E1/><V54/><F21/><W103/><G103/><T6/><D51/><AGARI ba="1,0" hai="12,13,51,54,55,56,57,63" m="6698,51241" machi="51" ten="30,2000,0" yaku="20,1,54,1" doraHai="35" who="2" fromWho="0" sc="265,-23,250,0,250,23,235,0" /><INIT seed="1,0,0,,,121" ten="242,250,273,235" oya="1" hai0="46,100,21,124,133,44,113,41,102,39,25,10,134" hai1="50,13,47,64,96,128,32,76,117,17,43,60,82" hai2="40,27,6,24,126,3,90,15,101,55,9,86,36" hai3="104,84,74,23,122,75,71,98,42,28,22,35,51" /><U12/><E117/><V37/><F126/><W135/><G122/><T30/><D113/><U125/><E125/><V99/><F55/><W88/><G135/><N who="0" m="51723" /><D124/><U72/><E128/><V34/><F34/><W5/><G71/><T93/><D10/><U58/><E32/><V115/><F115/><W18/><G5/><T80/><D80/><N who="1" m="45063" /><E96/><V0/><F40/><W73/><G35/><T7/><D7/><U16/><E82/><N who="2" m="49495" /><F99/><W92/><G104/><T48/><D93/><U53/><E43/><AGARI ba="0,0" hai="21,25,30,39,41,43,44,46,48,100,102" m="51723" machi="43" ten="30,1000,0" yaku="20,1" doraHai="121" who="0" fromWho="1" sc="242,10,250,-10,273,0,235,0" /><INIT seed="2,0,0,,,88" ten="252,240,273,235" oya="2" hai0="34,24,54,105,37,93,11,6,116,5,98,15,102" hai1="129,101,63,128,31,41,10,21,124,69,14,110,79" hai2="33,94,19,22,82,80,108,106,0,4,39,114,50" hai3="20,73,47,133,65,60,23,51,100,84,96,119,99" /><V30/><F108/><W75/><G119/><T68/><D116/><U26/><E110/><V90/><F114/><W111/><G111/><T134/><D134/><U122/><E122/><V57/><F39/><W135/><G84/><T123/><D123/><U95/><E124/><V49/><F106/><W25/><G25/><T97/><D37/><U117/><E117/><V36/><F36/><W118/><G118/><T42/><D68/><U55/><E41/><V43/><F0/><W46/><G51/><N who="2" m="19465" /><F4/><W59/><G100/><N who="0" m="60463" /><D42/><U85/><E69/><V7/><F7/><N who="0" m="2570" /><D54/><U58/><E79/><V120/><F120/><W78/><G78/><T1/><D1/><U13/><E85/><V91/><F43/><W121/><G121/><T32/><D24/><U61/><E95/><V9/><F57/><W62/><REACH who="3" step="1"/><G59/><REACH who="3" ten="252,240,273,225" step="2"/><T115/><D115/><U44/><E101/><V70/><F70/><W104/><G104/><T112/><D112/><U83/><E83/><N who="2" m="31787" /><F33/><W67/><AGARI ba="0,1" hai="20,23,46,47,60,62,65,67,73,75,96,99,133,135" machi="67" ten="25,12000,2" yaku="0,1,1,1,22,2,53,2" doraHai="88" doraHaiUra="16" who="3" fromWho="3" sc="252,-30,240,-30,273,-60,225,130" /><INIT seed="3,0,0,,,80" ten="222,210,213,355" oya="3" hai0="39,111,53,41,43,106,108,6,50,46,100,107,128" hai1="69,56,83,12,47,25,2,130,115,102,118,116,29" hai2="51,110,127,8,44,16,78,64,24,90,63,114,55" hai3="32,36,124,77,120,75,81,98,19,70,84,95,13" /><W18/><G120/><T92/><D128/><U85/><E115/><V33/><F110/><W45/><G124/><T42/><D6/><U4/><E130/><V67/><F114/><W58/><G32/><T123/><D123/><U9/><E69/><V31/><F127/><W129/><G129/><T74/><D74/><U72/><E47/><V48/><F78/><N who="3" m="44255" /><G70/><T99/><REACH who="0" step="1"/><D39/><REACH who="0" ten="212,210,213,355" step="2"/><U71/><E71/><V79/><F79/><W65/><G36/><T35/><D35/><U38/><E38/><V68/><F90/><W7/><G45/><T86/><D86/><U54/><E102/><V20/><F8/><N who="3" m="6439" /><G7/><T88/><D88/><N who="1" m="51263" /><E72/><V3/><F3/><W30/><G19/><T1/><D1/><N who="1" m="143" /><E25/><N who="2" m="18671" /><F48/><W94/><G30/><T105/><AGARI ba="0,1" hai="41,42,43,46,50,53,92,99,100,105,106,107,108,111" machi="105" ten="40,2700,0" yaku="0,1,1,1,53,0" doraHai="80" doraHaiUra="76" who="0" fromWho="0" sc="212,37,210,-7,213,-7,355,-13" /><INIT seed="4,0,0,,,89" ten="249,203,206,342" oya="0" hai0="100,109,87,63,116,106,71,123,101,120,66,7,30" hai1="72,33,117,62,11,103,46,126,99,1,69,67,95" hai2="57,61,135,124,41,119,104,54,80,74,19,29,35" hai3="97,133,121,118,105,4,26,98,111,76,14,93,36" /><T48/><D109/><U130/><E117/><V12/><F119/><W110/><G118/><T113/><D113/><U24/><E126/><V52/><F124/><W91/><G121/><N who="0" m="46667" /><D116/><U75/><E130/><V107/><F135/><W131/><G131/><T25/><D7/><U18/><E46/><V3/><F3/><W90/><G133/><T85/><D48/><U68/><E1/><V51/><F35/><W45/><G26/><T56/><D106/><N who="2" m="40490" /><F29/><W78/><G36/><T64/><D25/><U125/><E125/><V43/><F74/><N who="1" m="28201" /><E33/><V88/><F80/><W114/><G114/><T15/><D15/><N who="1" m="7551" /><E24/><V129/><F129/><W13/><G45/><T70/><D30/><U83/><E68/><N who="0" m="26153" /><D64/><U102/><E83/><V82/><F82/><W44/><G44/><T2/><D2/><U60/><E60/><V94/><F12/><W112/><G112/><T50/><D50/><U49/><E49/><V81/><F19/><W38/><G38/><T92/><D85/><U58/><E58/><N who="2" m="33055" /><F81/><W39/><G39/><T16/><D16/><U0/><E0/><V34/><F34/><W53/><G53/><T55/><D55/><U65/><E65/><V20/><F20/><W6/><REACH who="3" step="1"/><G93/><REACH who="3" ten="249,203,206,332" step="2"/><T27/><D27/><U17/><E17/><V42/><F41/><W40/><G40/><T23/><D23/><U115/><E102/><V108/><F108/><W86/><G86/><T22/><D22/><U5/><E5/><V127/><F127/><W77/><G77/><T31/><D31/><U8/><E8/><V96/><F42/><W10/><G10/><T21/><D21/><RYUUKYOKU ba="0,1" sc="249,0,203,0,206,0,332,0" hai0="56,63,66,87,92,100,101" hai1="62,67,69,95,99,103,115" hai2="43,54,57,61,88,94,96" hai3="4,6,13,14,76,78,90,91,97,98,105,110,111" /><INIT seed="4,1,1,,,118" ten="249,203,206,332" oya="0" hai0="109,16,44,34,8,134,100,64,41,105,80,20,89" hai1="51,39,121,129,69,31,85,19,128,116,124,66,127" hai2="130,102,56,15,58,17,40,14,123,32,24,22,87" hai3="103,71,62,52,81,119,38,120,74,53,133,97,98" /><T0/><D109/><U108/><E108/><V84/><F123/><W50/><G119/><T30/><D134/><U11/><E116/><V106/><F130/><W76/><G120/><T135/><D135/><U23/><E121/><V110/><F110/><W13/><G133/><T28/><D64/><U35/><E39/><V48/><F106/><W77/><G38/><T55/><D34/><U107/><E107/><V37/><F102/><W60/><G13/><N who="0" m="9231" /><D105/><U45/><E85/><N who="2" m="32843" /><F37/><W29/><G29/><T114/><D114/><U125/><E35/><V47/><F14/><W112/><G112/><T111/><D111/><U73/><E73/><V12/><F12/><W88/><G71/><T78/><D100/><U91/><E91/><V82/><F82/><N who="3" m="45335" /><G88/><T132/><D132/><U92/><E92/><V21/><F21/><W95/><G50/><T115/><D115/><U46/><E69/><V5/><F5/><W25/><G25/><T42/><D0/><U72/><E72/><V36/><F36/><W122/><G122/><T61/><D8/><U131/><E66/><V18/><F17/><W27/><G27/><T9/><D9/><U4/><E31/><V68/><F68/><W99/><G77/><T94/><D55/><N who="1" m="30191" /><E46/><V7/><F7/><W43/><G43/><T75/><D61/><U2/><E19/><V96/><F96/><W10/><G10/><T33/><D33/><U113/><E23/><V57/><F15/><W67/><G81/><T93/><D44/><U3/><E2/><V117/><F32/><W70/><G52/><T63/><D63/><U1/><E1/><RYUUKYOKU ba="1,1" sc="249,-30,203,10,206,10,332,10" hai1="3,4,11,113,124,125,127,128,129,131" hai2="18,22,24,40,47,48,56,57,58,117" hai3="53,60,62,67,70,95,97,98,99,103" /><INIT seed="5,2,1,,,105" ten="219,213,216,342" oya="1" hai0="0,10,83,48,70,76,36,92,91,95,121,40,23" hai1="114,64,117,30,29,89,107,47,2,128,32,49,45" hai2="119,65,111,6,96,63,60,24,15,78,110,62,97" hai3="14,127,19,31,81,52,122,99,79,90,80,120,1" /><U72/><E114/><V26/><F119/><W74/><G127/><T17/><D121/><U43/><E117/><V8/><F78/><N who="3" m="44119" /><G1/><T18/><D70/><U4/><E128/><V116/><F116/><W118/><G118/><T86/><D36/><U42/><E72/><V77/><F77/><W28/><G52/><T41/><D0/><U3/><E107/><V58/><F110/><W130/><G130/><T109/><D109/><U98/><E64/><N who="2" m="38935" /><F111/><W133/><G133/><T84/><D10/><N who="1" m="2327" /><E3/><V53/><F53/><W54/><G54/><T16/><D48/><N who="1" m="26679" /><E32/><V69/><F62/><W103/><G90/><T113/><D113/><U33/><E33/><V85/><F85/><N who="0" m="32874" /><D23/><U123/><E123/><V5/><F5/><W108/><G108/><T132/><D132/><U56/><E56/><V104/><F96/><W112/><G112/><T68/><D68/><U131/><E131/><V12/><F12/><W25/><G14/><T38/><D38/><U39/><E39/><V115/><F115/><W67/><G67/><T94/><D76/><U20/><E20/><V93/><F93/><N who="3" m="58863" /><G19/><T22/><D22/><U57/><E57/><V66/><F65/><W11/><G11/><T75/><D75/><U125/><E125/><V134/><F134/><W46/><G46/><T51/><D51/><U37/><E37/><V27/><F24/><W126/><G126/><T100/><D100/><U129/><E129/><V59/><F59/><W124/><G124/><T21/><D21/><U35/><E35/><V135/><F135/><W61/><G61/><T87/><AGARI ba="2,1" hai="16,17,18,40,41,83,87,91,92,94,95" m="32874" machi="87" ten="40,2700,0" yaku="8,1,54,1" doraHai="105" who="0" fromWho="0" sc="219,43,213,-15,216,-9,342,-9" /><INIT seed="6,0,0,,,78" ten="262,198,207,333" oya="2" hai0="42,11,55,103,33,71,95,48,114,92,84,14,98" hai1="2,79,131,100,3,21,5,60,50,17,126,72,64" hai2="18,112,102,120,35,31,74,83,93,115,29,124,39" hai3="65,88,110,89,134,7,70,130,128,77,37,51,96" /><V108/><F108/><W101/><G110/><T16/><D114/><U85/><E126/><V105/><F120/><W61/><G134/><T1/><D33/><U27/><E131/><N who="3" m="50218" /><G37/><T91/><D71/><U76/><E50/><V94/><F124/><W86/><G7/><T66/><D66/><U63/><E100/><V10/><F39/><W117/><G117/><T68/><D68/><U34/><E72/><V0/><F35/><W113/><G113/><N who="2" m="43593" /><F105/><W28/><G28/><N who="2" m="10825" /><F0/><N who="1" m="41" /><E5/><V20/><F74/><W119/><G119/><T15/><D1/><U23/><E34/><V59/><F59/><W97/><G51/><T75/><D75/><U45/><E45/><V123/><F123/><W67/><G77/><N who="1" m="29770" /><E85/><V104/><F83/><W116/><G116/><T80/><D42/><U135/><E135/><V13/><F10/><W19/><G19/><N who="0" m="8671" /><D15/><U44/><E44/><V12/><F12/><W4/><G4/><T9/><D9/><U8/><E8/><V82/><F82/><N who="3" m="49239" /><G89/><N who="0" m="55567" /><D16/><N who="1" m="12711" /><E64/><N who="3" m="24650" /><G101/><T81/><D103/><U22/><E17/><V62/><F62/><W58/><G58/><AGARI ba="0,0" hai="48,55,58,80,81,84,91,95" m="55567,8671" machi="58" ten="30,3900,0" yaku="8,1,52,2" doraHai="78" who="0" fromWho="3" sc="262,39,198,0,207,0,333,-39" /><INIT seed="7,0,0,,,78" ten="301,198,207,294" oya="3" hai0="134,22,96,128,63,70,110,37,60,10,18,75,100" hai1="107,56,133,115,42,64,51,83,81,85,50,109,36" hai2="112,0,108,94,93,43,46,135,59,97,68,92,7" hai3="122,4,29,9,23,121,5,88,24,47,124,73,129" /><W41/><G124/><T2/><D110/><U58/><E109/><V74/><F108/><W16/><G129/><T76/><D128/><U48/><E115/><V120/><F112/><W49/><G73/><T30/><D134/><U95/><E133/><V90/><F120/><N who="3" m="46187" /><G88/><T66/><D37/><U105/><E36/><V123/><F123/><W84/><G84/><T126/><D126/><U98/><E42/><V17/><F135/><W106/><G106/><N who="1" m="40458" /><E64/><V19/><F68/><W15/><G4/><T12/><D75/><U53/><E85/><N who="2" m="52303" /><F74/><W132/><G5/><N who="0" m="3151" /><D2/><U34/><E34/><V80/><F59/><N who="1" m="22569" /><E53/><V57/><F57/><W117/><G117/><T38/><D38/><U31/><E31/><V104/><F80/><W28/><G28/><T86/><D30/><U62/><E62/><N who="0" m="23593" /><D70/><U99/><E95/><N who="2" m="36363" /><F0/><W118/><G118/><T89/><D66/><U77/><E77/><V40/><F7/><W119/><G119/><T111/><D111/><U87/><E81/><V131/><F131/><W114/><G114/><T44/><D44/><U54/><E54/><V69/><F69/><W14/><G14/><N who="0" m="9559" /><D76/><U39/><E39/><N who="2" m="21791" /><F43/><W21/><G9/><T55/><D55/><U72/><E72/><V1/><F1/><W82/><G82/><N who="0" m="49367" /><D96/><U35/><E35/><V65/><F65/><W125/><G125/><T32/><D32/><U67/><E67/><V8/><F8/><W45/><G45/><T91/><D91/><U27/><E27/><V13/><F13/><W79/><G79/><T52/><D52/><U3/><E3/><V61/><F61/><W33/><G21/><RYUUKYOKU ba="0,0" sc="301,0,198,0,207,0,294,0" hai0="100" hai1="48,50,51,83,87,98,99" hai2="17,19,97,104" hai3="15,16,23,24,29,33,41,47,49,132" /><INIT seed="7,1,0,,,106" ten="301,198,207,294" oya="3" hai0="42,74,6,9,101,11,93,82,52,133,23,50,112" hai1="73,84,120,91,114,115,67,27,49,129,7,135,78" hai2="56,18,85,8,111,75,131,68,46,32,19,63,107" hai3="65,132,92,28,30,1,15,98,127,0,128,95,105" /><W90/><G127/><T61/><D112/><U37/><E120/><V2/><F111/><W102/><G128/><T3/><D133/><U54/><E129/><V110/><F110/><W13/><G132/><T36/><D23/><U117/><E117/><V55/><F131/><W71/><G71/><T113/><D113/><N who="1" m="43019" /><E135/><V72/><F32/><W77/><G65/><T66/><D36/><U104/><E37/><V33/><F33/><W124/><G124/><T48/><D74/><N who="2" m="28202" /><F107/><N who="3" m="63959" /><G77/><T10/><D82/><U44/><E104/><V35/><F35/><W125/><G125/><T43/><D93/><N who="1" m="54503" /><E7/><N who="2" m="1143" /><F85/><W24/><G105/><T96/><D52/><U86/><E27/><V40/><F68/><W62/><G62/><T122/><D122/><U83/><E67/><V31/><F31/><W81/><G81/><T5/><D61/><U26/><E26/><V4/><F4/><W88/><G24/><T16/><D66/><U130/><E73/><V70/><F70/><W94/><G90/><T108/><D108/><U59/><E44/><V51/><F18/><W123/><G123/><T14/><D96/><U69/><E69/><V38/><F19/><W22/><G22/><N who="0" m="11543" /><D101/><U134/><E130/><V100/><F38/><W57/><G57/><T103/><D103/><U126/><E126/><V45/><F45/><W29/><G88/><T118/><D118/><U41/><E41/><N who="0" m="15369" /><D3/><U47/><E47/><V119/><F100/><W53/><G53/><T34/><D34/><U64/><E64/><V58/><F56/><W76/><G76/><T97/><D97/><U87/><E86/><V80/><F80/><RYUUKYOKU ba="1,0" sc="301,0,198,0,207,0,294,0" hai0="5,6,9,10,11,48,50" hai1="49,54,59,78,83,87,134" hai2="40,46,51,55,58,63,119" hai3="0,1,13,15,28,29,30,92,94,95" /><INIT seed="7,2,0,,,69" ten="301,198,207,294" oya="3" hai0="4,128,40,110,88,87,3,106,81,0,44,99,47" hai1="65,25,103,10,92,115,62,1,94,29,39,79,11" hai2="27,19,86,34,58,74,14,117,105,16,2,6,78" hai3="72,130,112,59,20,118,9,108,51,54,67,45,60" /><W68/><G108/><T135/><D110/><U95/><E115/><V132/><F117/><W100/><G112/><T82/><D128/><U116/><E116/><V17/><F132/><W120/><G118/><T64/><D135/><U30/><E39/><V48/><F105/><W12/><G120/><T13/><D64/><U5/><E79/><V35/><F2/><W90/><G130/><T84/><D106/><U97/><E25/><V119/><F119/><W134/><G134/><T46/><D13/><N who="1" m="5327" /><E11/><N who="2" m="6239" /><F6/><W53/><G72/><T109/><D109/><U114/><E114/><V52/><F74/><W133/><G133/><T28/><D28/><N who="1" m="10859" /><E1/><V113/><F113/><W18/><G90/><T98/><D4/><U124/><E124/><V41/><F27/><W93/><G93/><N who="0" m="56615" /><D99/><U80/><E80/><N who="0" m="30825" /><D40/><U50/><E50/><N who="2" m="30999" /><F41/><W8/><REACH who="3" step="1"/><G100/><REACH who="3" ten="301,198,207,284" step="2"/><T42/><D42/><U102/><E97/><V76/><F48/><AGARI ba="2,1" hai="8,9,12,18,20,45,48,51,53,54,59,60,67,68" machi="48" ten="30,12000,1" yaku="1,1,2,1,7,1,53,2" doraHai="69" doraHaiUra="7" who="3" fromWho="2" sc="301,0,198,0,207,-126,284,136" owari="301,10.0,198,-20.0,81,-42.0,420,52.0" /></mjloggm>
