<mjloggm ver="2.3"><GO type="169" lobby="0"/><UN n0="%E3%81%8A%E3%81%AF%44%E3%83%9D%E3%83%86%E3%83%88" n1="%43%4C%53" n2="%4A%57%49%4C%4C" n3="%72%65%6E%6B%75%6E" dan="16,17,17,17" rate="2152.87,2196.73,2222.08,2224.14" sx="F,M,M,M"/><TAIKYOKU oya="0"/><INIT seed="0,0,0,5,2,117" ten="250,250,250,250" oya="0" hai0="95,91,97,54,116,78,61,113,83,14,107,65,101" hai1="19,132,119,40,41,16,103,30,49,80,94,109,52" hai2="102,90,62,104,71,81,92,26,74,24,77,133,82" hai3="13,110,33,131,105,126,98,86,34,72,84,76,45"/><T112/><D116/><U70/><E119/><V9/><F133/><W56/><G72/><T43/><D43/><U5/><E70/><V3/><F82/><W21/><G56/><T130/><D130/><U39/><E132/><V4/><F71/><W121/><G45/><T28/><D54/><U135/><E135/><V6/><F6/><W59/><G59/><T79/><D14/><U99/><E109/><V120/><F62/><W124/><G98/><T38/><D38/><U88/><E30/><V47/><F47/><W20/><G105/><T53/><D53/><U114/><E114/><V63/><F63/><W55/><G55/><T128/><D128/><U25/><E5/><V127/><F127/><W36/><G36/><T68/><D79/><U69/><E69/><V58/><F58/><W2/><G76/><T32/><D91/><U67/><E67/><V73/><F73/><W18/><G84/><T111/><D95/><N who="1" m="58879" /><E80/><V123/><F102/><W51/><G110/><T23/><D23/><N who="3" m="8777" /><G131/><T12/><D12/><U129/><E39/><V50/><F50/><W85/><G13/><T31/><D31/><U64/><E64/><V66/><F104/><W106/><G106/><T122/><D111/><U35/><E35/><V15/><F66/><W89/><G89/><T96/><D96/><N who="1" m="57415" /><E129/><V48/><F48/><W8/><G51/><T11/><D11/><U108/><E108/><V17/><F3/><W115/><G2/><T87/><REACH who="0" step="1"/><D122/><REACH who="0" ten="240,250,250,250" step="2"/><N who="2" m="46634" /><F4/><W75/><G121/><T22/><D22/><N who="1" m="13511" /><E19/><V118/><F118/><W100/><G18/><T29/><D29/><U93/><E93/><RYUUKYOKU ba="0,1" sc="240,10,250,10,250,10,250,-30" hai0="28,32,61,65,68,78,83,87,97,101,107,112,113" hai1="40,41,49,52" hai2="9,15,17,24,26,74,77,81,90,92" /><INIT seed="0,1,1,1,2,43" ten="250,260,260,220" oya="0" hai0="46,88,6,123,82,125,130,55,70,71,90,118,12" hai1="8,101,135,79,18,14,4,44,85,102,86,97,134" hai2="60,77,53,40,95,96,100,67,2,28,80,114,104" hai3="15,73,121,129,106,10,124,116,37,23,52,1,132"/><T92/><D118/><U69/><E69/><V20/><F114/><W103/><RYUUKYOKU type="yao9" ba="1,1" sc="250,0,260,0,260,0,220,0" hai3="1,10,15,23,37,52,73,103,106,116,121,124,129,132" /><INIT seed="0,2,1,0,1,70" ten="250,260,260,220" oya="0" hai0="8,109,84,72,32,6,135,79,78,126,85,44,92" hai1="87,102,88,4,5,105,104,113,64,35,22,111,98" hai2="28,56,91,69,51,50,38,59,25,89,34,45,112" hai3="23,9,47,20,120,93,121,63,55,16,129,130,21"/><T131/><D32/><U122/><E122/><N who="3" m="47210" /><G63/><T68/><D68/><U40/><E35/><V95/><F112/><W62/><G62/><T81/><D131/><N who="3" m="50185" /><G93/><T39/><D135/><U77/><E113/><V86/><F69/><W10/><G55/><T14/><D126/><U97/><E64/><V17/><F17/><W90/><G90/><T53/><D109/><U12/><E111/><V49/><REACH who="2" step="1"/><F89/><REACH who="2" ten="250,260,250,220" step="2"/><W74/><G74/><T134/><D134/><U26/><E88/><V107/><F107/><W127/><G127/><T103/><D103/><U41/><E105/><V115/><F115/><W15/><G47/><T30/><D30/><U54/><E104/><V96/><F96/><W124/><G124/><T33/><D6/><U37/><E97/><V29/><F29/><W58/><G58/><T7/><D7/><U60/><E4/><V11/><F11/><AGARI ba="2,2" hai="9,10,11,15,16,20,21,23" m="50185,47210" machi="11" ten="40,8000,1" yaku="13,1,19,1,34,2,54,1" doraHai="70" who="3" fromWho="2" sc="250,0,260,0,250,-86,220,106" /><INIT seed="1,0,0,1,1,58" ten="250,260,164,326" oya="1" hai0="90,120,116,18,122,123,25,88,8,23,39,49,133" hai1="33,92,29,126,101,78,89,7,97,135,48,117,55" hai2="96,28,27,102,112,37,121,106,109,91,22,79,75" hai3="56,5,26,17,32,76,6,66,11,95,104,35,4"/><U51/><E117/><V45/><F121/><W31/><G104/><T21/><D39/><U111/><E135/><V100/><F109/><W60/><G76/><T59/><D116/><U108/><E78/><V67/><F112/><W127/><G127/><T80/><D133/><U132/><E132/><V119/><F119/><W87/><G35/><T68/><D68/><U13/><E126/><V53/><F102/><W128/><G128/><T63/><D49/><U9/><E101/><V3/><F3/><W125/><G125/><T70/><D70/><U74/><E74/><V83/><F67/><W115/><G115/><T85/><D90/><U124/><E124/><V40/><F53/><W2/><G87/><T14/><REACH who="0" step="1"/><D25/><REACH who="0" ten="240,260,164,326" step="2"/><U42/><E48/><V57/><F91/><W82/><G26/><T118/><D118/><U114/><E114/><V24/><F24/><W94/><G2/><T0/><D0/><U36/><E36/><V99/><F57/><W20/><G56/><T19/><D19/><U16/><E16/><V61/><REACH who="2" step="1"/><F99/><REACH who="2" ten="240,260,154,326" step="2"/><W46/><G46/><T113/><D113/><U65/><E97/><V72/><F72/><W130/><G130/><T34/><D34/><U93/><E89/><V98/><F98/><W10/><G32/><T105/><D105/><U47/><E33/><V81/><F81/><W129/><G82/><T30/><D30/><U69/><E29/><V77/><F77/><W103/><G31/><T1/><D1/><U43/><E111/><V134/><F134/><W107/><G129/><T38/><D38/><U64/><E108/><V54/><F54/><AGARI ba="0,2" hai="8,14,18,21,23,54,59,63,80,85,88,120,122,123" machi="54" ten="40,8000,1" yaku="1,1,6,1,13,1,52,1,54,1,53,0" doraHai="58" doraHaiUra="73" who="0" fromWho="2" sc="240,100,260,0,154,-80,326,0" /><INIT seed="2,0,0,5,5,55" ten="340,260,74,326" oya="2" hai0="54,6,107,64,4,96,49,98,101,117,35,44,91" hai1="110,109,0,10,27,24,60,56,72,114,84,106,7" hai2="77,103,66,53,33,131,83,50,87,89,42,58,90" hai3="97,118,48,70,133,135,94,134,82,65,71,9,11"/><V88/><F33/><W93/><G118/><T29/><D117/><U41/><E114/><V13/><F131/><W124/><G124/><T121/><D121/><U43/><E72/><V34/><F34/><W28/><G28/><T76/><D76/><U74/><E74/><V46/><F103/><N who="3" m="60847" /><G82/><T23/><D23/><U40/><E106/><V113/><F113/><W128/><G128/><T99/><D99/><U100/><E100/><V52/><F13/><W102/><G65/><T47/><D47/><U130/><E84/><V126/><F126/><W75/><G75/><T5/><D98/><U19/><E130/><V67/><REACH who="2" step="1"/><F53/><REACH who="2" ten="340,260,64,326" step="2"/><W37/><G134/><T30/><D35/><U132/><E132/><V80/><F80/><W73/><G102/><T14/><D14/><N who="1" m="7639" /><E0/><V112/><F112/><W86/><G135/><T120/><D101/><U108/><E7/><V129/><F129/><W22/><G133/><T2/><D2/><U104/><E104/><V51/><AGARI ba="0,1" hai="42,46,50,51,52,58,66,67,77,83,87,88,89,90" machi="51" ten="30,18000,2" yaku="1,1,0,1,8,1,52,1,54,2,53,0" doraHai="55" doraHaiUra="32" who="2" fromWho="2" sc="340,-60,260,-60,64,190,326,-60" /><INIT seed="2,1,0,4,1,120" ten="280,200,254,266" oya="2" hai0="36,99,27,18,48,43,9,35,20,40,61,71,5" hai1="86,92,55,93,3,119,65,69,95,13,102,2,72" hai2="125,122,97,100,68,135,66,81,19,7,1,70,38" hai3="21,115,131,14,103,44,133,52,127,90,15,54,123"/><V106/><F122/><W45/><G123/><T33/><D36/><U91/><E119/><V82/><F135/><W89/><G133/><T23/><D99/><U83/><E55/><N who="3" m="21034" /><G127/><T56/><D71/><U29/><E29/><V98/><F125/><W10/><G103/><T124/><D124/><U32/><E32/><V118/><F118/><W116/><G116/><T57/><D48/><U16/><E72/><V130/><F130/><W112/><G131/><T128/><D128/><U77/><E102/><V53/><F38/><W87/><G21/><T31/><D35/><U37/><E37/><V79/><F98/><W49/><G49/><T74/><D74/><U105/><E77/><V39/><F39/><W113/><G10/><T110/><D23/><U46/><E46/><N who="3" m="18026" /><G87/><T109/><D43/><U24/><E105/><V108/><F53/><W11/><G11/><T25/><D40/><U28/><E28/><V51/><F51/><W111/><G111/><N who="0" m="42507" /><D61/><U47/><E47/><V64/><F108/><W0/><G0/><AGARI ba="1,0" hai="0,5,9,18,20,25,27,31,33,56,57" m="42507" machi="0" ten="30,7700,0" yaku="14,1,52,3" doraHai="120" who="0" fromWho="3" sc="280,80,200,0,254,0,266,-80" /><INIT seed="3,0,0,2,3,73" ten="360,200,254,186" oya="3" hai0="49,16,129,135,67,112,78,50,29,39,11,131,116" hai1="100,101,109,18,17,96,27,32,20,71,53,82,123" hai2="125,70,127,132,103,90,120,59,133,65,10,93,86" hai3="19,76,22,7,95,44,99,36,30,88,25,40,68"/><W102/><G68/><T97/><D116/><U0/><E123/><V45/><F70/><W107/><G7/><T48/><D39/><U91/><E0/><V57/><F45/><W60/><G60/><T94/><D135/><N who="2" m="51786" /><F10/><W126/><G126/><N who="2" m="48137" /><F65/><W15/><G76/><T2/><D112/><U111/><E71/><V77/><F57/><W35/><REACH who="3" step="1"/><G107/><REACH who="3" ten="360,200,254,176" step="2"/><T21/><D78/><U6/><E6/><V55/><F120/><W87/><G87/><T1/><D67/><U38/><E111/><V80/><F103/><AGARI ba="0,1" hai="15,19,22,25,30,35,36,40,44,88,95,99,102,103" machi="103" ten="40,3900,0" yaku="1,1,54,1,53,0" doraHai="73" doraHaiUra="46" who="3" fromWho="2" sc="360,0,200,0,254,-39,176,49" /><INIT seed="3,1,0,0,4,50" ten="360,200,215,225" oya="3" hai0="97,94,55,21,49,43,83,67,1,62,81,14,4" hai1="106,78,88,110,70,118,96,16,95,126,47,115,52" hai2="25,27,23,58,80,71,30,116,20,19,26,133,124" hai3="130,38,39,135,102,57,76,12,42,3,128,109,87"/><W101/><G3/><T24/><D1/><U32/><E115/><V63/><F116/><W107/><G135/><T45/><D43/><U9/><E118/><V61/><F133/><W46/><G39/><T74/><D74/><U36/><E70/><V105/><F124/><W54/><G109/><T132/><D132/><U13/><E32/><V119/><F119/><W8/><G76/><T90/><D4/><U99/><E110/><V7/><F105/><W108/><G87/><T68/><REACH who="0" step="1"/><D14/><REACH who="0" ten="350,200,215,225" step="2"/><U40/><E126/><V31/><F7/><W84/><G108/><T98/><D98/><U65/><E65/><V17/><F71/><W41/><G41/><T120/><D120/><U53/><REACH who="1" step="1"/><E78/><REACH who="1" ten="350,190,215,225" step="2"/><V66/><F66/><W129/><G107/><T60/><D60/><U2/><E2/><V114/><F63/><N who="3" m="36279" /><G84/><T35/><D35/><U123/><E123/><V125/><F125/><W104/><G104/><T51/><D51/><U103/><AGARI ba="1,2" hai="9,13,16,36,40,47,52,53,88,95,96,99,103,106" machi="103" ten="30,12000,2" yaku="1,1,0,1,52,2,54,3,53,0" doraHai="50" doraHaiUra="64" who="1" fromWho="1" sc="350,-31,190,143,215,-31,225,-61" /><INIT seed="4,0,0,4,2,30" ten="319,333,184,164" oya="0" hai0="100,18,57,121,110,24,117,63,86,39,108,55,78" hai1="90,21,116,109,118,132,16,74,17,73,28,19,43" hai2="107,5,89,31,71,94,11,82,52,25,122,58,53" hai3="70,135,22,38,98,99,115,54,12,123,87,4,23"/><T69/><D117/><U111/><E43/><V130/><F122/><W106/><G123/><T62/><D121/><U126/><E90/><V60/><F130/><W36/><G70/><T95/><D39/><U51/><E51/><V75/><F107/><W88/><G115/><T81/><D100/><U50/><E50/><V44/><F71/><W97/><G106/><T124/><D124/><U32/><E73/><V65/><F82/><W67/><G67/><T6/><D6/><U46/><E46/><V127/><F75/><W26/><G135/><T77/><D77/><U33/><E74/><V96/><F44/><W41/><G41/><T7/><D7/><U35/><E132/><V113/><F113/><W129/><G129/><T3/><D3/><U102/><E102/><V120/><F127/><W15/><G54/><T101/><D101/><U49/><E49/><V0/><REACH who="2" step="1"/><F120/><REACH who="2" ten="319,333,174,164" step="2"/><W134/><G134/><T13/><D95/><U47/><E47/><V27/><F27/><W84/><G26/><T42/><D24/><N who="1" m="16399" /><E126/><V119/><F119/><AGARI ba="0,1" hai="16,17,19,32,33,35,109,111,116,118,119" m="16399" machi="119" ten="40,12000,2" yaku="34,2,52,3,54,1" doraHai="30" who="1" fromWho="2" sc="319,0,333,130,174,-120,164,0" /><INIT seed="5,0,0,0,5,48" ten="319,463,54,164" oya="1" hai0="129,73,4,115,6,65,130,127,117,40,108,45,61" hai1="1,9,121,75,55,46,10,101,22,13,19,20,27" hai2="89,77,36,49,126,31,113,79,90,112,83,17,52" hai3="44,8,85,102,2,24,7,91,35,95,98,29,93"/><U106/><E121/><V56/><F36/><W69/><REACH who="3" step="1"/><G44/><REACH who="3" ten="319,463,54,154" step="2"/><T125/><D108/><U68/><E46/><V110/><F110/><W84/><G84/><T21/><D45/><U67/><E75/><V87/><F126/><W74/><G74/><T5/><D73/><U109/><E109/><V32/><F17/><W30/><G30/><T81/><D127/><U94/><E19/><V80/><F31/><W23/><G23/><T134/><D21/><U12/><E20/><V33/><F89/><W60/><G60/><T15/><D61/><U114/><E22/><V70/><F70/><AGARI ba="0,1" hai="2,7,8,24,29,35,69,70,85,91,93,95,98,102" machi="70" ten="40,2600,0" yaku="21,2,53,0" doraHai="48" doraHaiUra="51" who="3" fromWho="2" sc="319,0,463,0,54,-26,154,36" /><INIT seed="6,0,0,0,3,77" ten="319,463,28,190" oya="2" hai0="64,31,40,29,65,120,101,35,24,50,53,30,117" hai1="1,130,43,80,10,78,90,128,92,119,28,84,4" hai2="19,39,38,118,124,59,22,131,25,32,110,49,21" hai3="115,81,27,66,57,8,0,134,17,83,132,104,125"/><V51/><F118/><W76/><G104/><T11/><D120/><U99/><E119/><V70/><F70/><W47/><G125/><T96/><D117/><U79/><E28/><V2/><F124/><W26/><G115/><T111/><D111/><U54/><E43/><V48/><F110/><W114/><G114/><T133/><D133/><N who="3" m="51305" /><G47/><T7/><D40/><U88/><E54/><V106/><F106/><W105/><G105/><T75/><D75/><U61/><E61/><V36/><F131/><AGARI ba="0,0" hai="1,4,10,78,79,80,84,88,90,92,99,128,130,131" machi="131" ten="40,5200,0" yaku="19,1,52,1,54,1" doraHai="77" who="1" fromWho="2" sc="319,0,463,52,28,-52,190,0" owari="319,12.0,515,61.0,-24,-52.0,190,-21.0" /></mjloggm>