<mjloggm ver="2.3"><GO type="169" lobby="0"/><UN n0="%E6%99%AE%E9%80%9A%E3%81%AE%E9%81%8B%E5%8A%9B%E3%81%A7%E5%85%85%E5%88%86" n1="%43%4C%53" n2="%E3%81%A9%E3%82%89%E3%81%94" n3="%E9%87%8E%E5%B4%8E%E7%B6%AD%E7%B9%94%E2%98%85" dan="18,17,16,18" rate="2203.52,2172.85,2041.99,2219.22" sx="M,M,M,F"/><TAIKYOKU oya="0"/><INIT seed="0,0,0,5,0,103" ten="250,250,250,250" oya="0" hai0="77,121,12,105,113,99,90,82,115,10,60,9,65" hai1="48,40,16,33,14,17,120,46,86,35,111,101,117" hai2="119,31,15,59,8,125,19,81,71,58,88,83,13" hai3="5,7,32,68,43,87,95,98,79,52,89,38,49"/><T134/><D121/><U108/><E117/><V22/><F71/><W80/><G32/><T96/><D134/><U63/><E120/><V135/><F125/><W66/><G38/><T100/><D10/><U128/><E128/><V130/><F130/><W56/><REACH who="3" step="1"/><G43/><REACH who="3" ten="250,250,250,240" step="2"/><T39/><D39/><U25/><E33/><V55/><F119/><W11/><G11/><T131/><D131/><U118/><E35/><V2/><F135/><W64/><G64/><T123/><D123/><U44/><E118/><V110/><F110/><W94/><G94/><T54/><D115/><U24/><E111/><V1/><F2/><W50/><G50/><T29/><D65/><U36/><E108/><V132/><F1/><W73/><G73/><T133/><D133/><U92/><E36/><V127/><F132/><W53/><G53/><T91/><D113/><U85/><E40/><V116/><F116/><W42/><G42/><T21/><D54/><U67/><E48/><V20/><F127/><W75/><G75/><T102/><D60/><AGARI ba="0,1" hai="5,7,49,52,56,60,66,68,79,80,87,89,95,98" machi="60" ten="40,2600,0" yaku="1,1,54,1,53,0" doraHai="103" doraHaiUra="109" who="3" fromWho="0" sc="250,-26,250,0,250,0,240,36" /><INIT seed="1,0,0,2,4,124" ten="224,250,250,276" oya="1" hai0="40,96,97,118,37,5,27,20,77,85,71,87,131" hai1="47,17,64,23,49,19,121,13,105,89,29,2,14" hai2="103,111,134,132,72,133,116,31,9,51,110,93,67" hai3="75,83,33,16,10,58,34,100,0,122,78,130,95"/><U114/><E114/><V106/><F116/><W112/><G122/><T70/><D118/><U90/><E121/><V84/><F72/><W12/><G112/><T24/><D37/><U113/><E113/><V127/><F127/><W120/><G120/><T46/><D5/><U59/><E105/><V60/><F106/><W128/><G0/><T98/><D77/><U79/><E79/><V65/><F31/><W41/><G41/><T135/><D135/><U92/><E29/><V62/><F51/><W26/><G58/><T15/><D15/><U53/><E2/><V55/><F55/><W102/><G26/><T48/><D27/><U66/><E47/><V107/><F9/><W39/><G39/><T115/><D115/><U45/><E45/><V52/><F107/><W126/><G126/><T94/><D94/><U30/><E30/><V3/><F3/><W101/><REACH who="3" step="1"/><G95/><REACH who="3" ten="224,250,250,266" step="2"/><T35/><D71/><U61/><E61/><V119/><F60/><W50/><G50/><T104/><D70/><U57/><E59/><N who="2" m="35175" /><F119/><W11/><G11/><T86/><D104/><U74/><E74/><V42/><F42/><W91/><G91/><N who="1" m="34826" /><E92/><V8/><F8/><AGARI ba="0,1" hai="8,13,14,17,19,23,49,53,57,64,66" m="34826" machi="8" ten="30,1500,0" yaku="8,1" doraHai="124" who="1" fromWho="2" sc="224,0,250,25,250,-15,266,0" /><INIT seed="1,1,0,5,5,119" ten="224,275,235,266" oya="1" hai0="52,6,100,60,121,12,70,74,31,42,15,24,3" hai1="114,128,7,108,51,21,19,86,103,83,80,64,120" hai2="125,101,9,46,85,122,111,38,57,81,40,97,72" hai3="92,18,13,49,61,109,130,110,22,82,129,117,75"/><U93/><E114/><V33/><F111/><N who="3" m="42507" /><G61/><T104/><D121/><U124/><E108/><V39/><F122/><W17/><G49/><T91/><D74/><U63/><E120/><V8/><F125/><W48/><G48/><T66/><D42/><U99/><E128/><V62/><F72/><W0/><G0/><T135/><D135/><U36/><E36/><V29/><F33/><W26/><G92/><T28/><D28/><U116/><E116/><V65/><F29/><W37/><G37/><T98/><D91/><U54/><E124/><V113/><F39/><W23/><G117/><T30/><D30/><U106/><E7/><V118/><F113/><W25/><G82/><T131/><D131/><N who="3" m="50185" /><G75/><T96/><D3/><U69/><E106/><V126/><F126/><W5/><G5/><T77/><D6/><U79/><E83/><V4/><F4/><W14/><AGARI ba="1,0" hai="13,14,17,18,22,23,25,26" m="50185,42507" machi="14" ten="40,8000,1" yaku="14,1,19,1,34,2" doraHai="119" who="3" fromWho="3" sc="224,-21,275,-41,235,-21,266,83" /><INIT seed="2,0,0,4,5,103" ten="203,234,214,349" oya="2" hai0="12,89,27,68,116,94,38,11,26,49,101,74,13" hai1="53,14,107,17,122,81,21,86,96,108,133,134,56" hai2="112,4,33,65,111,51,93,57,48,64,82,121,23" hai3="98,29,117,69,62,30,126,120,128,46,7,6,70"/><V91/><F112/><W16/><G117/><T125/><D38/><U32/><E32/><V90/><F121/><W35/><G120/><T87/><D68/><U135/><E108/><V24/><F33/><W104/><G46/><T25/><D74/><U47/><E47/><V123/><F4/><W3/><G3/><T75/><D75/><U36/><E36/><V102/><F123/><W132/><G132/><T43/><D125/><U83/><E122/><V131/><F131/><W0/><G0/><T110/><D110/><U63/><REACH who="1" step="1"/><E86/><REACH who="1" ten="203,224,214,349" step="2"/><N who="2" m="50519" /><F111/><W8/><G35/><T84/><D116/><U124/><E124/><V72/><F72/><W41/><G126/><T77/><D84/><U127/><E127/><V28/><F91/><W42/><G128/><T9/><D77/><U129/><E129/><V95/><F57/><W45/><G45/><N who="0" m="25791" /><D101/><AGARI ba="0,1" hai="14,17,21,53,56,63,81,83,96,101,107,133,134,135" machi="101" ten="40,5200,0" yaku="1,1,20,1,52,1,53,0" doraHai="103" doraHaiUra="106" who="1" fromWho="0" sc="203,-52,224,62,214,0,349,0" /><INIT seed="3,0,0,4,2,33" ten="151,286,214,349" oya="3" hai0="122,90,26,103,4,89,64,101,78,92,19,18,7" hai1="62,112,132,65,99,67,79,20,115,135,28,22,11" hai2="56,77,31,10,39,63,37,110,94,5,119,43,57" hai3="35,128,124,9,113,70,109,48,100,93,117,75,125"/><W60/><G35/><T24/><D64/><U0/><E99/><V21/><F110/><W111/><G75/><T96/><D122/><U121/><E79/><V32/><F32/><W81/><G81/><T74/><D74/><U51/><E51/><V12/><F119/><W15/><G117/><T87/><D78/><U91/><E91/><V53/><F77/><W16/><G113/><T130/><D130/><U45/><E45/><V30/><F94/><W3/><G128/><T6/><D90/><U71/><E121/><V108/><F108/><N who="3" m="41547" /><G48/><T83/><D103/><U41/><E41/><V127/><F127/><N who="3" m="48715" /><G3/><T58/><D58/><U17/><E112/><V66/><F43/><W129/><G129/><T116/><D116/><U23/><E115/><V25/><F31/><W98/><G60/><AGARI ba="0,0" hai="5,10,12,21,25,30,37,39,53,56,57,60,63,66" machi="60" ten="30,1000,0" yaku="7,1" doraHai="33" who="2" fromWho="3" sc="151,0,286,0,214,10,349,-10" /><INIT seed="4,0,0,0,2,41" ten="151,286,224,339" oya="0" hai0="80,133,108,73,27,127,72,118,31,3,11,60,52" hai1="107,111,112,79,49,58,76,13,98,7,65,101,126" hai2="74,0,122,67,66,71,110,9,45,36,14,25,96" hai3="102,44,94,1,64,100,63,87,48,82,95,131,12"/><T34/><D118/><U85/><E111/><V57/><F110/><W114/><G1/><T42/><D108/><U28/><E126/><V132/><F122/><W59/><G114/><T129/><D127/><U134/><E134/><V6/><F132/><W22/><G131/><T106/><D106/><U2/><E112/><V78/><F71/><W15/><G94/><T84/><D129/><U83/><E2/><V115/><F115/><W116/><G116/><T89/><D42/><U90/><E28/><V54/><F25/><W51/><G51/><T81/><D133/><U120/><E120/><V43/><F96/><N who="3" m="59423" /><G22/><T46/><D80/><U105/><E105/><V125/><F14/><W38/><G102/><T62/><D62/><U24/><E24/><V35/><F35/><W56/><G56/><T21/><D34/><U50/><E50/><N who="2" m="30935" /><F125/><W23/><G23/><T47/><D73/><U113/><E113/><V8/><F8/><W68/><G68/><T16/><D72/><U5/><E13/><V61/><F61/><W91/><G38/><T18/><D3/><U37/><E37/><V128/><F128/><W117/><G117/><T135/><D135/><U19/><E49/><V69/><F69/><W99/><G99/><T26/><D26/><U103/><E98/><V17/><F17/><N who="0" m="6762" /><D11/><U88/><E107/><V123/><F123/><W75/><G75/><T20/><D20/><U29/><E103/><V39/><F39/><W124/><G124/><T77/><D77/><U55/><E79/><V30/><F30/><W40/><AGARI ba="0,0" hai="12,15,40,44,48,59,63,64,82,87,91" m="59423" machi="40" ten="30,2000,0" yaku="8,1,52,1" doraHai="41" who="3" fromWho="3" sc="151,-10,286,-5,224,-5,339,20" /><INIT seed="5,0,0,1,0,18" ten="141,281,219,359" oya="1" hai0="58,59,43,96,92,77,113,13,23,54,126,100,90" hai1="75,130,19,16,44,7,119,56,35,120,42,30,81" hai2="45,74,122,70,82,111,10,95,60,17,32,31,76" hai3="22,46,34,124,112,128,63,84,68,67,62,127,33"/><U24/><E119/><V133/><F111/><W1/><G1/><T69/><D69/><U38/><E120/><V118/><F118/><W39/><G112/><T91/><D113/><U107/><E107/><V110/><F110/><W55/><G128/><T87/><D126/><N who="3" m="48169" /><G84/><T57/><D43/><U125/><E125/><V106/><F133/><W78/><G78/><T48/><D77/><U105/><E105/><V108/><F122/><W5/><G5/><T52/><D54/><U53/><E130/><V101/><F95/><W51/><G39/><T129/><D129/><U37/><E37/><V28/><F45/><W134/><G134/><T115/><D115/><U80/><E7/><V14/><F32/><W72/><G72/><T11/><D23/><U85/><E75/><V114/><F114/><W8/><G8/><T26/><D26/><U20/><E35/><V89/><F108/><W2/><G2/><T71/><D71/><U27/><E27/><V29/><F76/><W6/><G6/><T116/><D116/><U41/><E41/><V93/><F74/><W103/><G103/><T88/><D87/><U73/><E73/><V97/><F82/><W131/><G131/><T4/><AGARI ba="0,0" hai="4,11,13,48,52,57,58,59,88,90,91,92,96,100" machi="4" ten="30,7900,0" yaku="0,1,8,1,54,2" doraHai="18" who="0" fromWho="0" sc="141,79,281,-39,219,-20,359,-20" /><INIT seed="6,0,0,2,2,94" ten="220,242,199,339" oya="2" hai0="78,80,81,37,32,119,20,45,129,105,51,109,96" hai1="33,86,60,111,15,56,14,25,2,31,132,115,124" hai2="61,98,36,43,12,79,13,21,116,19,63,101,130" hai3="54,131,107,112,62,76,27,134,30,44,34,48,11"/><V59/><F116/><W121/><G121/><T89/><D32/><U17/><E111/><V125/><F130/><W68/><G131/><T122/><D37/><U120/><E2/><V77/><F125/><W7/><G134/><T91/><D109/><U39/><E39/><V49/><F36/><W46/><G76/><T70/><D70/><U84/><E124/><V18/><F49/><W106/><G112/><T114/><D122/><U67/><E115/><V74/><F43/><W26/><G46/><T50/><D114/><U113/><E120/><V23/><F74/><W108/><G108/><T87/><D129/><U9/><E132/><V55/><REACH who="2" step="1"/><F61/><REACH who="2" ten="220,242,189,339" step="2"/><W58/><G62/><T100/><D119/><U72/><E72/><V123/><F123/><W38/><G48/><T73/><D51/><U110/><E110/><V47/><F47/><W28/><G44/><T97/><D50/><U88/><E113/><V82/><F82/><W69/><G38/><T6/><D45/><U64/><E60/><V104/><AGARI ba="0,1" hai="12,13,18,19,21,23,55,59,63,77,79,98,101,104" machi="104" ten="20,18000,2" yaku="1,1,0,1,7,1,9,1,52,1,53,1" doraHai="94" doraHaiUra="53" who="2" fromWho="2" sc="220,-60,242,-60,189,190,339,-60" /><INIT seed="6,1,0,0,1,59" ten="160,182,379,279" oya="2" hai0="98,80,63,40,31,26,49,51,20,12,130,17,131" hai1="4,25,91,133,125,38,32,117,41,1,54,104,29" hai2="35,79,135,82,0,43,11,111,64,128,48,134,76" hai3="70,28,124,96,13,24,53,44,6,14,83,78,39"/><V8/><F35/><W65/><G124/><T95/><D80/><U107/><E117/><V93/><F128/><W118/><G118/><T69/><D40/><U100/><E125/><V126/><F126/><W73/><G96/><T75/><D75/><U127/><E127/><V94/><F64/><W109/><G109/><T56/><D69/><U86/><E100/><V129/><F129/><W58/><G6/><T7/><D7/><U81/><E133/><V16/><F8/><W30/><G30/><T113/><D113/><U74/><E74/><V77/><F82/><W36/><G36/><T90/><D131/><U9/><E41/><V22/><F11/><W2/><G2/><T60/><D130/><U110/><E38/><V46/><F0/><W119/><G119/><T132/><D132/><N who="2" m="50730" /><F111/><W10/><G10/><T92/><D92/><U88/><E110/><V62/><F62/><N who="3" m="36175" /><G65/><T47/><D47/><U3/><E3/><V18/><F18/><W61/><G61/><N who="0" m="23627" /><D56/><U37/><E37/><V23/><F93/><W106/><G106/><T121/><D121/><U116/><E116/><V57/><F94/><W72/><G70/><T68/><D68/><U71/><E71/><V97/><F57/><W99/><G73/><T115/><D115/><U87/><E54/><V101/><F46/><W123/><G123/><T105/><D105/><U21/><E32/><V42/><F42/><W15/><G44/><T45/><D45/><U19/><E29/><V108/><F43/><W84/><G39/><T5/><D5/><U85/><E81/><V102/><F108/><W112/><G112/><RYUUKYOKU ba="1,0" sc="160,15,182,15,379,-15,279,-15" hai0="12,17,20,26,31,49,51,90,95,98" hai1="1,4,9,19,21,25,85,86,87,88,91,104,107" /><INIT seed="7,2,0,2,1,38" ten="175,197,364,264" oya="3" hai0="2,82,115,113,66,85,96,114,42,125,70,119,36" hai1="108,10,123,35,32,99,109,25,112,6,69,127,34" hai2="106,126,80,83,3,121,41,104,132,111,24,118,45" hai3="89,63,93,8,71,0,98,11,76,26,100,52,86"/><W27/><G76/><T56/><D119/><U120/><E99/><V20/><F111/><N who="1" m="42569" /><E69/><V92/><F3/><W37/><G37/><T13/><D2/><N who="1" m="343" /><E112/><V95/><F126/><W17/><G71/><T53/><D125/><U124/><E25/><V12/><F132/><W81/><G0/><T102/><D70/><U30/><E30/><V16/><F104/><W97/><G97/><T128/><D66/><U75/><E75/><V110/><F106/><W29/><G17/><T28/><D28/><U49/><E49/><N who="2" m="26799" /><F118/><W88/><G100/><T50/><D13/><U79/><E79/><V131/><F131/><W72/><G72/><T39/><D128/><U43/><E43/><V105/><F105/><W116/><G116/><T1/><D1/><U58/><E58/><V46/><F46/><W51/><G63/><T5/><D42/><U59/><E59/><V73/><F73/><W77/><G77/><N who="0" m="46287" /><D5/><U68/><E68/><V18/><F110/><W87/><G98/><T64/><D64/><U15/><E15/><V31/><F31/><W90/><G90/><T74/><D74/><U103/><E103/><V44/><F44/><N who="3" m="27751" /><G29/><T21/><D21/><U57/><E57/><V135/><F121/><AGARI ba="2,0" hai="32,34,35,120,121,123,124,127" m="343,42569" machi="121" ten="40,5200,0" yaku="23,1,34,2" doraHai="38" who="1" fromWho="2" sc="175,0,197,58,364,-58,264,0" owari="175,-32.0,255,-14.0,306,40.0,264,6.0" /></mjloggm>