<mjloggm ver="2.3"><GO type="169" lobby="0"/><UN n0="%E3%82%A2%E3%83%AB%E3%83%9E%E3%83%B4%E3%82%A3%E3%83%BC%E3%83%B4%E3%82%A1" n1="%E3%83%93%E3%83%81%E3%83%A3%E5%B1%B1%E3%83%93%E3%83%81%E3%83%A3%E7%94%B7" n2="%73%61%6B%69%36%33%34%32" n3="%43%4C%53" dan="16,17,17,17" rate="2087.61,2173.60,2150.91,2177.25" sx="M,M,M,M"/><TAIKYOKU oya="0"/><INIT seed="0,0,0,5,2,101" ten="250,250,250,250" oya="0" hai0="100,62,130,110,42,16,2,97,3,133,20,98,8" hai1="123,69,56,99,94,17,14,122,121,70,129,78,93" hai2="31,135,10,35,26,90,33,4,55,89,125,103,120" hai3="132,18,24,59,15,54,48,5,84,11,92,102,38"/><T13/><D133/><U107/><E129/><V87/><F120/><W53/><G38/><T61/><D42/><U109/><E109/><V71/><F71/><W64/><G132/><T44/><D44/><U80/><E56/><V6/><F135/><W51/><G64/><T81/><D81/><U117/><E117/><V22/><F125/><W114/><G114/><T66/><D110/><U65/><E65/><V34/><F103/><W47/><G102/><T67/><D130/><U19/><E107/><V108/><F6/><W127/><G127/><T115/><D115/><U1/><E1/><V88/><F55/><W37/><G37/><T63/><D98/><U0/><E0/><V30/><F108/><W77/><G24/><T40/><D40/><U57/><E57/><V104/><F104/><W126/><G126/><T131/><D131/><U9/><E19/><V23/><F23/><W43/><G53/><T79/><D79/><U128/><E128/><V45/><F45/><W112/><G112/><T46/><D46/><U36/><E36/><V60/><F60/><W29/><G29/><T83/><D67/><U85/><REACH who="1" step="1"/><E99/><REACH who="1" ten="250,240,250,250" step="2"/><V32/><F31/><W95/><G18/><T118/><D118/><U27/><E27/><V96/><F96/><W72/><G72/><T49/><D66/><U58/><E58/><V50/><N who="2" m="8192" /><DORA hai="111" /><V82/><F30/><W73/><G73/><T124/><D124/><U28/><E28/><V68/><F26/><W113/><G113/><T39/><D39/><U75/><E75/><V116/><F116/><W105/><G105/><T7/><D97/><RYUUKYOKU ba="0,1" sc="250,-15,240,15,250,-15,250,15" hai1="9,14,17,69,70,78,80,85,93,94,121,122,123" hai3="5,11,15,43,47,48,51,54,59,77,84,92,95" /><INIT seed="1,1,1,4,4,104" ten="235,255,235,265" oya="1" hai0="45,50,129,110,81,57,7,77,79,89,33,48,105" hai1="74,30,95,130,38,86,127,83,84,103,21,43,16" hai2="14,18,2,78,120,111,108,115,11,60,40,121,114" hai3="15,12,20,8,118,80,58,131,5,9,6,53,93"/><U119/><E119/><V51/><F78/><W54/><G118/><T132/><D105/><U128/><E30/><V28/><F60/><W122/><G122/><N who="2" m="47209" /><F28/><W135/><G135/><T39/><D33/><U98/><E38/><V64/><F64/><W102/><G131/><N who="1" m="50218" /><E43/><V67/><F67/><W65/><G20/><T92/><D7/><U76/><E127/><V26/><F26/><AGARI ba="1,1" hai="16,21,26,74,76,83,84,86,95,98,103" m="50218" machi="26" ten="30,5800,0" yaku="19,1,52,1,54,1" doraHai="104" who="1" fromWho="2" sc="235,0,255,71,235,-61,265,0" /><INIT seed="1,2,0,3,1,86" ten="235,326,174,265" oya="1" hai0="5,108,2,100,120,109,135,89,71,121,18,20,75" hai1="1,34,56,32,68,128,65,3,70,84,19,48,22" hai2="74,63,97,77,11,73,29,133,94,92,101,8,88" hai3="122,129,124,80,105,85,91,44,82,13,126,33,30"/><U119/><E119/><V51/><F133/><W60/><G33/><T69/><D75/><U12/><E128/><V36/><F36/><W93/><G30/><T104/><D104/><U27/><E48/><V64/><F29/><W10/><G105/><T31/><D100/><U118/><E56/><V59/><F51/><W127/><G122/><N who="0" m="47211" /><D5/><U39/><E39/><V131/><F131/><W103/><G129/><T123/><D2/><U66/><E118/><V57/><F57/><W90/><G60/><T46/><D46/><U130/><E130/><V40/><F40/><W87/><G44/><T58/><D58/><U52/><E52/><V107/><F107/><W115/><G115/><T62/><D31/><U23/><E84/><V7/><F77/><W6/><G103/><T47/><D47/><U132/><E19/><V0/><REACH who="2" step="1"/><F11/><REACH who="2" ten="235,326,164,265" step="2"/><W72/><REACH who="3" step="1"/><G72/><REACH who="3" ten="235,326,164,255" step="2"/><T112/><D112/><U16/><E132/><V43/><F43/><W95/><AGARI ba="2,2" hai="6,10,13,80,82,85,87,90,91,93,95,124,126,127" machi="95" ten="40,12000,2" yaku="1,1,2,1,0,1,9,1,18,1,52,2,53,0" doraHai="86" doraHaiUra="21" who="3" fromWho="3" sc="235,-32,326,-62,164,-32,255,146" /><INIT seed="2,0,0,4,4,88" ten="203,264,132,401" oya="2" hai0="97,47,75,45,107,8,131,0,10,28,22,90,15" hai1="129,134,44,19,6,133,102,70,103,77,29,76,9" hai2="119,100,42,117,46,63,57,23,125,95,123,99,3" hai3="130,26,135,108,56,64,7,65,16,98,104,30,2"/><V60/><F123/><W72/><G72/><T109/><D75/><U124/><E70/><V54/><F125/><W92/><G104/><T94/><D131/><U41/><E29/><V66/><F3/><W51/><G130/><T91/><D107/><U80/><E19/><V105/><F105/><W1/><G108/><T13/><D0/><U4/><E129/><V58/><REACH who="2" step="1"/><F23/><REACH who="2" ten="203,264,122,401" step="2"/><W52/><G1/><T49/><D109/><U17/><E124/><V31/><F31/><W78/><G2/><T106/><D106/><U127/><E127/><V115/><F115/><W84/><G30/><T112/><D112/><U79/><E4/><V39/><AGARI ba="0,1" hai="39,42,46,54,57,58,60,63,66,95,99,100,117,119" machi="39" ten="20,12000,1" yaku="1,1,0,1,7,1,52,1,53,1" doraHai="88" doraHaiUra="37" who="2" fromWho="2" sc="203,-40,264,-40,122,130,401,-40" /><INIT seed="2,1,0,4,5,47" ten="163,224,252,361" oya="2" hai0="110,83,129,103,30,91,1,41,85,28,58,107,26" hai1="50,108,37,24,81,59,22,2,54,69,67,122,87" hai2="46,60,40,119,72,14,61,125,101,25,89,92,34" hai3="100,128,95,5,7,43,21,78,15,133,84,96,132"/><V74/><F119/><W109/><G109/><T88/><D110/><U35/><E108/><V63/><F125/><W126/><G126/><T20/><D1/><U99/><E2/><V116/><F116/><W55/><G43/><T64/><D107/><U9/><E35/><V4/><F101/><W57/><G128/><T120/><D129/><U38/><E9/><V90/><F90/><W12/><G78/><T56/><D41/><U123/><E99/><V121/><F121/><N who="1" m="46089" /><E67/><V65/><F65/><W135/><G84/><T39/><D39/><U111/><E69/><V13/><F25/><W134/><N who="3" m="33792" /><DORA hai="94" /><W86/><G86/><T104/><D30/><N who="1" m="17687" /><E111/><V19/><F34/><W117/><G117/><T127/><D127/><U66/><E66/><V17/><F4/><N who="3" m="1611" /><G21/><T82/><D82/><U68/><E68/><V31/><F40/><W10/><G10/><T124/><D124/><U48/><E38/><V77/><F77/><W97/><G96/><T115/><D120/><U44/><E37/><V70/><F89/><W93/><G93/><T131/><D91/><U52/><E87/><V51/><F92/><W8/><G8/><T45/><D131/><U130/><E130/><V11/><F11/><W73/><G73/><T42/><D103/><U76/><E76/><V71/><F74/><W49/><AGARI ba="1,0" hai="12,15,49,55,57,95,97,100" m="1611,33792" machi="49" ten="60,7900,0" yaku="20,1,52,2" doraHai="47,94" who="3" fromWho="3" sc="163,-21,224,-21,252,-40,361,82" /><INIT seed="3,0,0,5,1,41" ten="142,203,212,443" oya="3" hai0="129,91,127,110,114,19,2,99,71,50,46,112,1" hai1="133,88,68,84,33,124,122,11,15,49,59,79,57" hai2="62,131,107,14,39,83,13,65,58,118,40,32,38" hai3="6,126,51,95,29,89,98,0,102,120,60,23,34"/><W20/><G120/><T7/><D71/><U30/><E122/><V106/><F118/><W128/><G128/><T134/><D134/><U5/><E68/><V87/><F32/><W123/><G123/><T121/><D121/><U4/><E133/><V113/><F113/><W81/><G126/><T44/><D127/><U72/><E124/><V115/><F115/><N who="0" m="44074" /><D19/><U109/><E109/><V100/><F131/><W96/><G60/><T42/><D110/><U8/><E72/><V125/><F39/><W130/><G130/><T10/><D129/><U97/><E33/><V66/><F66/><W54/><G0/><T80/><D80/><U93/><E49/><V67/><F38/><W27/><G6/><T17/><D17/><U101/><E79/><V45/><F83/><W18/><G18/><T48/><D99/><U64/><E64/><V132/><F67/><W78/><G78/><T117/><D91/><U31/><E30/><V56/><F132/><W61/><G61/><T22/><D22/><U111/><E31/><V86/><F62/><W104/><G81/><T116/><D2/><U76/><E76/><V69/><F69/><W74/><G74/><T135/><D135/><U103/><E111/><V92/><F125/><W53/><G53/><AGARI ba="0,0" hai="1,7,10,42,44,46,48,50,53,116,117" m="44074" machi="53" ten="30,3900,0" yaku="11,1,52,2" doraHai="41" who="0" fromWho="3" sc="142,39,203,0,212,0,443,-39" /><INIT seed="4,0,0,5,5,104" ten="181,203,212,404" oya="0" hai0="65,0,53,106,4,60,122,115,2,30,44,83,84" hai1="73,80,68,88,103,67,58,35,132,87,43,78,63" hai2="10,126,120,64,75,66,129,34,6,112,15,102,109" hai3="97,23,123,133,98,39,16,33,74,114,99,105,12"/><T135/><D106/><U130/><E35/><V28/><F109/><W121/><G39/><T69/><D30/><U48/><E103/><V77/><F120/><N who="3" m="46155" /><G33/><T119/><D119/><U95/><E130/><V8/><F129/><W18/><G114/><T94/><D135/><U113/><E132/><V111/><F111/><W107/><G133/><T46/><D94/><U76/><E76/><V72/><F102/><W70/><G70/><T128/><D128/><U131/><E131/><V5/><F126/><W3/><G3/><T50/><D115/><U9/><E9/><V45/><F45/><W81/><G18/><T62/><D4/><U40/><REACH who="1" step="1"/><E113/><REACH who="1" ten="181,193,212,404" step="2"/><V37/><F77/><AGARI ba="0,1" hai="12,16,23,74,77,81,97,98,99,105,107" m="46155" machi="77" ten="30,3900,0" yaku="13,1,52,1,54,1" doraHai="104" who="3" fromWho="2" sc="181,0,193,0,212,-39,404,49" /><INIT seed="5,0,0,3,1,48" ten="181,193,173,453" oya="1" hai0="5,104,18,50,98,125,90,39,52,121,15,33,22" hai1="131,32,128,78,47,81,17,30,134,36,84,31,76" hai2="51,67,135,1,114,53,91,42,4,26,133,86,2" hai3="12,83,6,103,28,108,55,43,77,34,63,112,16"/><U118/><E118/><V122/><F122/><W64/><G108/><T41/><D33/><U71/><E71/><V80/><F114/><W120/><G120/><T69/><D69/><U14/><E78/><V113/><F113/><W73/><G112/><T115/><D125/><U44/><E134/><N who="2" m="51211" /><F42/><W105/><G43/><T116/><D116/><U45/><E36/><V92/><F67/><W99/><G6/><T100/><D121/><U126/><E126/><V70/><F70/><W7/><G7/><T62/><D5/><U29/><REACH who="1" step="1"/><E32/><REACH who="1" ten="181,183,173,453" step="2"/><V101/><F4/><W59/><G34/><T46/><D115/><U87/><E87/><V124/><F124/><W20/><G28/><T27/><D39/><U0/><E0/><V107/><F2/><W127/><G127/><T109/><D109/><U23/><AGARI ba="0,1" hai="14,17,23,29,30,31,44,45,47,76,81,84,128,131" machi="23" ten="40,3900,0" yaku="1,1,0,1,53,0" doraHai="48" doraHaiUra="94" who="1" fromWho="1" sc="181,-13,183,49,173,-13,453,-13" /><INIT seed="5,1,0,1,5,28" ten="168,232,160,440" oya="1" hai0="39,61,86,29,21,83,133,22,57,70,105,23,130" hai1="72,18,104,88,12,125,46,64,35,76,8,33,116" hai2="50,109,78,123,27,79,89,122,25,51,91,62,100" hai3="94,0,74,80,31,20,102,103,131,38,113,114,82"/><U6/><E116/><V98/><F98/><W67/><G38/><T135/><D105/><U45/><E104/><V41/><F41/><W47/><G0/><T58/><D39/><U40/><E64/><V111/><REACH who="2" step="1"/><F62/><REACH who="2" ten="168,232,150,440" step="2"/><W68/><G103/><AGARI ba="1,1" hai="25,27,50,51,78,79,89,91,100,103,109,111,122,123" machi="103" ten="25,6400,0" yaku="1,1,2,1,22,2,53,0" doraHai="28" doraHaiUra="101" who="2" fromWho="3" sc="168,0,232,0,150,77,440,-67" /><INIT seed="6,0,0,1,3,38" ten="168,232,227,373" oya="2" hai0="57,72,104,42,117,18,130,119,23,19,121,103,106" hai1="33,45,7,120,91,131,101,65,59,46,63,50,70" hai2="133,41,52,78,82,48,61,75,56,31,25,14,27" hai3="124,34,28,111,95,51,98,85,44,76,86,43,112"/><V68/><F133/><W62/><G111/><T102/><D57/><U22/><E33/><V110/><F110/><W113/><G124/><T128/><D72/><U108/><E101/><N who="0" m="38409" /><D23/><U36/><E7/><V69/><F14/><W58/><G76/><T99/><D99/><U10/><E10/><V105/><F105/><N who="0" m="40554" /><D121/><U80/><E22/><V26/><REACH who="2" step="1"/><F31/><REACH who="2" ten="168,232,217,373" step="2"/><W89/><G28/><T87/><D87/><U79/><E108/><V97/><F97/><W49/><G85/><T13/><D13/><U81/><E120/><V37/><F37/><W21/><G86/><T77/><D77/><U118/><E36/><V71/><F71/><W96/><G96/><T1/><D1/><U107/><E70/><V11/><F11/><W92/><G98/><T123/><D123/><U90/><E107/><V32/><F32/><W47/><G34/><T66/><D19/><U30/><E79/><V12/><F12/><W64/><G21/><T55/><D18/><U24/><E30/><V53/><F53/><W40/><G89/><T0/><D0/><U73/><E90/><V29/><F29/><W15/><G15/><T88/><D88/><U94/><E91/><V116/><F116/><N who="0" m="44618" /><D55/><U122/><E118/><V84/><F84/><W127/><G127/><T67/><D42/><U8/><E122/><V83/><F83/><W114/><AGARI ba="0,1" hai="40,43,44,47,49,51,58,62,64,92,95,112,113,114" machi="114" ten="30,12000,2" yaku="0,1,9,1,15,1,11,1,52,2" doraHai="38" who="3" fromWho="3" sc="168,-30,232,-30,217,-60,373,130" /><INIT seed="7,0,0,5,4,101" ten="138,202,157,503" oya="3" hai0="52,7,46,43,84,1,126,124,86,69,130,66,115" hai1="92,15,121,29,108,82,73,74,103,62,42,99,120" hai2="68,135,53,28,87,129,80,4,44,81,106,27,78" hai3="112,89,65,20,32,83,127,25,34,119,91,122,18"/><W6/><G119/><T75/><D75/><U61/><E108/><V14/><F68/><W36/><G122/><T77/><D130/><U2/><E2/><V104/><F129/><W37/><G112/><T31/><D31/><U118/><E42/><V98/><F98/><W35/><G127/><N who="0" m="48683" /><D69/><U5/><E29/><V3/><F3/><W96/><G65/><T60/><D77/><U8/><E74/><V79/><F135/><W48/><G6/><T88/><D7/><U97/><E62/><V100/><F100/><W22/><G48/><N who="0" m="28695" /><D43/><U105/><E118/><V76/><F106/><W57/><G57/><N who="0" m="37135" /><D1/><U123/><E73/><V109/><F109/><W58/><G58/><T9/><D9/><U64/><E5/><V95/><F104/><W49/><G49/><T40/><D40/><U10/><E10/><N who="2" m="4423" /><F44/><W110/><G110/><T71/><D71/><U102/><E8/><V16/><F53/><W23/><G36/><T50/><D50/><U12/><E121/><V19/><F19/><W132/><G37/><T41/><D41/><U47/><E47/><V133/><F28/><W128/><G128/><T70/><D70/><U93/><E105/><V39/><F39/><W24/><G18/><T90/><D115/><U117/><E64/><V26/><F133/><W45/><G45/><T134/><D134/><U54/><E54/><V113/><F113/><W114/><G114/><T67/><D67/><U51/><E51/><V56/><F56/><W55/><G55/><T116/><D116/><U13/><E117/><V131/><F131/><W38/><G132/><T72/><D72/><RYUUKYOKU ba="0,0" sc="138,30,202,-10,157,-10,503,-10" hai0="84,86,88,90" owari="168,-23.0,192,-1.0,147,-35.0,493,59.0" /></mjloggm>