<mjloggm ver="2.3"><GO type="169" lobby="0"/><UN n0="%4C%C3%97%57%C3%97%4C" n1="%43%4C%53" n2="%E3%83%84%E3%83%90%E3%82%B5%31%31%38" n3="%EF%BC%A1%EF%BC%A2%EF%BC%A3" dan="16,19,16,16" rate="2106.20,2258.67,2188.11,2082.76" sx="M,M,M,M"/><TAIKYOKU oya="0"/><INIT seed="0,0,0,1,1,110" ten="250,250,250,250" oya="0" hai0="123,133,90,55,3,78,56,51,70,31,102,98,45" hai1="28,76,81,94,19,125,118,103,41,63,74,119,89" hai2="88,12,75,92,54,67,38,117,128,1,106,93,99" hai3="24,16,97,82,36,58,26,14,135,4,47,85,87"/><T17/><D123/><U115/><E28/><V79/><F1/><W71/><G71/><T130/><D130/><U43/><E43/><V69/><F38/><W109/><G4/><T61/><D3/><U101/><E41/><V127/><F69/><W60/><G109/><T62/><D78/><U13/><E63/><V66/><F106/><W104/><G87/><T131/><D131/><U132/><E13/><V46/><F128/><W53/><G36/><T116/><D116/><U40/><E40/><V124/><F117/><W10/><G135/><T49/><D31/><U25/><E25/><V30/><F30/><W48/><G97/><T11/><D133/><U18/><E132/><V64/><F93/><W5/><G5/><T120/><D120/><U2/><E2/><V52/><F12/><W32/><G104/><T23/><D11/><U72/><E18/><V0/><F0/><W105/><G105/><T34/><D34/><U20/><E19/><V68/><F68/><W8/><G8/><T95/><D102/><U7/><E20/><V129/><F129/><W9/><G9/><T112/><D112/><U57/><E7/><V96/><F96/><W29/><G29/><T44/><D70/><U100/><E115/><V113/><F113/><W27/><G32/><T83/><D83/><U39/><E72/><V86/><F75/><W35/><G35/><T126/><D126/><N who="2" m="48170" /><F46/><N who="0" m="18026" /><D62/><U59/><E125/><V80/><AGARI ba="0,0" hai="52,54,64,66,67,79,80,86,88,92,99" m="48170" machi="80" ten="40,5200,0" yaku="18,1,54,2" doraHai="110" who="2" fromWho="2" sc="250,-26,250,-13,250,52,250,-13" /><INIT seed="1,0,0,5,5,59" ten="224,237,302,237" oya="1" hai0="54,118,47,19,44,7,26,134,3,115,61,71,104" hai1="32,55,117,88,9,52,60,112,27,45,62,2,124" hai2="120,37,123,31,99,16,132,110,35,64,87,49,21" hai3="113,28,18,69,103,133,76,81,39,4,73,1,51"/><U6/><E112/><V89/><F37/><W36/><G133/><T65/><D115/><U33/><E117/><V86/><F110/><W119/><G113/><T68/><D68/><U43/><E124/><V11/><F132/><W53/><G28/><T116/><D134/><U108/><E108/><V94/><F11/><W121/><G121/><T122/><D104/><U0/><E0/><V48/><F123/><W29/><G29/><T97/><D122/><U24/><E32/><V63/><F120/><W84/><G103/><T77/><D77/><U42/><E33/><V130/><F130/><W50/><G50/><T106/><D7/><U100/><E100/><V75/><F75/><W23/><G69/><T98/><D3/><U80/><E27/><V41/><F31/><W46/><G73/><T107/><D107/><U78/><E24/><V13/><F35/><W58/><G46/><N who="0" m="17451" /><D54/><N who="1" m="20523" /><E88/><N who="2" m="55751" /><F41/><W114/><G114/><T131/><D106/><U56/><E56/><N who="2" m="36967" /><F87/><W126/><G119/><T127/><D118/><U102/><E42/><V34/><F34/><W125/><G1/><T38/><D38/><N who="1" m="21751" /><E102/><V109/><F109/><W79/><G125/><T83/><D127/><U72/><AGARI ba="0,0" hai="2,6,9,60,62,72,78,80" m="21751,20523" machi="72" ten="30,11700,0" yaku="25,1,52,2,54,1" doraHai="59" who="1" fromWho="1" sc="224,-39,237,117,302,-39,237,-39" /><INIT seed="1,1,0,0,2,97" ten="185,354,263,198" oya="1" hai0="29,40,32,55,5,120,107,99,89,86,52,57,135" hai1="33,72,78,110,116,37,14,79,129,103,43,41,133" hai2="111,68,119,1,50,121,27,30,12,109,54,94,4" hai3="25,42,128,13,34,39,77,23,124,36,131,49,113"/><U7/><E116/><V114/><F119/><W48/><G113/><T45/><D135/><U112/><E112/><V96/><F121/><W88/><G77/><T22/><D5/><U61/><E33/><V74/><F114/><W53/><G34/><T87/><D32/><U73/><E61/><V134/><F1/><W92/><G124/><T98/><D86/><U85/><E85/><V58/><F74/><W62/><G62/><T15/><D120/><U67/><E67/><V69/><F134/><W126/><G13/><T47/><D45/><U56/><E56/><V91/><F12/><W44/><G126/><T24/><D15/><U106/><E133/><V93/><F93/><W75/><G75/><T76/><D76/><U125/><E14/><V26/><F4/><W132/><G132/><T70/><D70/><U102/><E106/><V10/><F10/><W118/><G118/><T35/><D35/><U63/><E63/><V80/><F80/><W130/><G49/><N who="0" m="28735" /><D40/><U122/><E7/><V117/><F117/><W60/><G42/><T64/><D107/><U51/><E125/><V38/><F38/><W18/><REACH who="3" step="1"/><G60/><REACH who="3" ten="185,354,263,188" step="2"/><N who="0" m="35903" /><D64/><U3/><E72/><V105/><F26/><W16/><G16/><T59/><D59/><U127/><E73/><V8/><F27/><W9/><G9/><T19/><D19/><U90/><E127/><V83/><F8/><W31/><G31/><T2/><D2/><U66/><E66/><V17/><F30/><W6/><G6/><T95/><AGARI ba="1,1" hai="22,24,29,87,89,95,98,99" m="35903,28735" machi="95" ten="30,2000,0" yaku="8,1,54,1" doraHai="97" who="0" fromWho="0" sc="185,33,354,-11,263,-6,188,-6" /><INIT seed="2,0,0,1,4,86" ten="218,343,257,182" oya="2" hai0="88,20,54,8,81,7,0,37,28,117,26,31,63" hai1="97,12,68,70,60,33,5,102,39,87,41,108,83" hai2="89,35,38,111,59,49,34,120,14,121,100,1,24" hai3="36,10,53,116,129,58,44,130,112,135,103,42,45"/><V133/><F1/><W11/><G116/><T115/><D115/><U67/><E108/><V91/><F38/><W29/><G29/><T94/><D37/><U30/><E68/><V15/><F100/><W99/><G112/><T125/><D125/><U106/><E39/><V114/><F114/><W40/><G135/><T93/><D117/><U82/><E41/><V73/><F73/><W123/><G123/><T62/><D81/><U16/><E5/><V74/><F74/><W119/><G119/><T113/><D113/><U17/><E82/><V61/><F49/><W126/><G126/><T9/><D9/><U27/><REACH who="1" step="1"/><E12/><REACH who="1" ten="218,333,257,182" step="2"/><V72/><F133/><W6/><G6/><T2/><D2/><U101/><E101/><V118/><F118/><W48/><G130/><T98/><D94/><U4/><E4/><V95/><F111/><W122/><G129/><T3/><D3/><U57/><E57/><V22/><F72/><W13/><G13/><N who="2" m="4617" /><F120/><W79/><G122/><T56/><REACH who="0" step="1"/><D63/><REACH who="0" ten="208,333,257,182" step="2"/><U75/><E75/><V21/><F121/><W78/><G11/><T80/><D80/><U90/><AGARI ba="0,2" hai="16,17,27,30,33,60,67,70,83,87,90,97,102,106" machi="90" ten="20,12000,2" yaku="1,1,0,1,7,1,25,2,52,1,54,1,53,0" doraHai="86" doraHaiUra="43" who="1" fromWho="1" sc="208,-30,333,140,257,-60,182,-30" /><INIT seed="3,0,0,2,3,50" ten="178,473,197,152" oya="3" hai0="81,71,133,114,99,62,54,58,34,85,41,27,126" hai1="33,134,91,100,48,32,43,75,31,135,104,42,129" hai2="52,7,102,70,101,87,66,95,21,0,55,117,88" hai3="82,107,121,61,76,3,9,108,74,83,37,44,120"/><W22/><G83/><T16/><D126/><U38/><E38/><V26/><F117/><W46/><G46/><T73/><D73/><U69/><E69/><V59/><F70/><W128/><G22/><N who="0" m="13767" /><D34/><U118/><E75/><V124/><F124/><W131/><G61/><T92/><D133/><U36/><E36/><V106/><F7/><N who="3" m="1279" /><G107/><T63/><D114/><U57/><E118/><V109/><F0/><W1/><G1/><T20/><D20/><U123/><E123/><V11/><F11/><W28/><G28/><T49/><D41/><U116/><E104/><V67/><F109/><W127/><G127/><T19/><D19/><U51/><E31/><V24/><F106/><W113/><G113/><T39/><D39/><U56/><E116/><V65/><F26/><W125/><G125/><T53/><D71/><U40/><E32/><V77/><F77/><W5/><G5/><T47/><D63/><U18/><E33/><V14/><F14/><W4/><G4/><T132/><D132/><U86/><E18/><N who="2" m="12343" /><F55/><W105/><G105/><T30/><D30/><U29/><E29/><V13/><F13/><W23/><G23/><T12/><D12/><U72/><E135/><V64/><N who="2" m="16384" /><DORA hai="93" /><V119/><F119/><W122/><G108/><T84/><D81/><U90/><E134/><V112/><F112/><W79/><G79/><T110/><D110/><U96/><E72/><V45/><F45/><W78/><G78/><T94/><D94/><U10/><E40/><AGARI ba="0,0" hai="37,40,44,74,76,82,120,121,122,128,131" m="1279" machi="40" ten="40,3900,0" yaku="25,1,23,1" doraHai="50,93" who="3" fromWho="1" sc="178,0,473,-39,197,0,152,39" /><INIT seed="3,1,0,3,3,122" ten="178,434,197,191" oya="3" hai0="85,65,95,107,12,134,135,96,118,25,34,84,90" hai1="62,55,0,9,128,6,69,77,48,93,112,31,126" hai2="81,1,82,86,37,103,49,39,119,57,83,27,59" hai3="18,67,52,130,98,88,17,106,74,2,94,30,78"/><W71/><G2/><T8/><D118/><U11/><E112/><V20/><F119/><W51/><G30/><T36/><D36/><U32/><E126/><V42/><F1/><W38/><G38/><T23/><D65/><U22/><E128/><V76/><F37/><W79/><G106/><T64/><D64/><U113/><E113/><V46/><F103/><W21/><G74/><T53/><D34/><U92/><E32/><V56/><REACH who="2" step="1"/><F39/><REACH who="2" ten="178,434,187,191" step="2"/><W117/><G117/><T111/><D135/><U61/><E0/><V40/><F40/><W97/><G130/><T87/><D134/><U80/><E69/><V123/><F123/><W47/><G71/><T4/><D53/><U115/><E55/><V104/><F104/><W89/><G67/><T43/><D43/><U33/><E115/><V19/><AGARI ba="1,1" hai="19,20,27,42,46,49,56,57,59,76,81,82,83,86" machi="19" ten="30,4000,0" yaku="1,1,0,1,8,1,53,0" doraHai="122" doraHaiUra="114" who="2" fromWho="2" sc="178,-11,434,-11,187,53,191,-21" /><INIT seed="4,0,0,0,4,113" ten="167,423,240,170" oya="0" hai0="9,125,101,20,88,123,39,27,72,134,17,33,92" hai1="124,5,52,71,89,87,34,83,63,30,2,91,60" hai2="8,110,37,42,69,64,61,4,38,115,77,45,58" hai3="116,21,23,22,1,70,107,94,41,50,19,43,81"/><T86/><D123/><U103/><E124/><V114/><F110/><W74/><G107/><T80/><D125/><U111/><E111/><V99/><F99/><W13/><G1/><T15/><D134/><U65/><E103/><V121/><F121/><W131/><G131/><T49/><D39/><U3/><E5/><V78/><F58/><W48/><G70/><T122/><D122/><U54/><E34/><V29/><F29/><W84/><G74/><T129/><D129/><U75/><E30/><V35/><F35/><W105/><G94/><T67/><D67/><U46/><E75/><V6/><F37/><W119/><G50/><T85/><D72/><U26/><E26/><V79/><REACH who="2" step="1"/><F4/><REACH who="2" ten="167,423,230,170" step="2"/><W32/><G32/><T76/><D33/><U100/><E71/><V93/><F93/><W18/><G105/><T128/><D128/><U117/><E65/><V130/><F130/><W98/><G98/><T106/><D106/><U82/><E100/><V104/><F104/><W51/><G51/><T56/><D101/><U97/><E97/><V126/><F126/><W135/><G48/><T120/><D120/><U14/><E60/><V133/><F133/><W57/><G57/><T108/><D108/><U28/><E63/><V12/><AGARI ba="0,1" hai="6,8,12,38,42,45,61,64,69,77,78,79,114,115" machi="12" ten="30,2000,0" yaku="1,1,0,1,53,0" doraHai="113" doraHaiUra="132" who="2" fromWho="2" sc="167,-10,423,-5,230,30,170,-5" /><INIT seed="5,0,0,0,3,27" ten="157,418,260,165" oya="1" hai0="76,7,32,61,62,58,134,35,26,73,82,79,105" hai1="64,2,9,49,131,85,48,110,132,47,55,33,97" hai2="113,45,98,56,102,60,0,119,41,70,36,78,34" hai3="68,112,20,10,95,118,8,65,133,107,126,66,81"/><U108/><E131/><V104/><F119/><W117/><G107/><T87/><D105/><U71/><E85/><V24/><F113/><W19/><G112/><T50/><D134/><U29/><E97/><V127/><F127/><W100/><G81/><T54/><D7/><U88/><E2/><V124/><F124/><W63/><G66/><T106/><D106/><U89/><E9/><V116/><F116/><N who="3" m="44651" /><G133/><T128/><D128/><U77/><E77/><V13/><F0/><W135/><G135/><T101/><D101/><U17/><E17/><V11/><F78/><W75/><G75/><T38/><D38/><U30/><E33/><V52/><F70/><W109/><G109/><N who="1" m="42090" /><E132/><V69/><F69/><W16/><G19/><T114/><D114/><U4/><E4/><V44/><F44/><W39/><G39/><T67/><D76/><U125/><E125/><V12/><REACH who="2" step="1"/><F11/><REACH who="2" ten="157,418,250,165" step="2"/><W93/><G126/><T18/><D73/><U74/><E74/><V122/><F122/><W120/><G10/><T99/><D79/><U46/><E71/><V42/><F42/><W15/><G8/><T59/><D59/><U14/><E47/><V115/><F115/><W37/><G120/><T72/><D72/><U121/><E46/><V80/><F80/><W91/><G68/><T103/><D82/><U129/><E121/><V94/><F94/><W23/><G93/><T86/><D58/><U111/><E129/><V96/><F96/><W1/><G95/><T25/><D99/><U130/><E130/><V92/><F92/><W6/><G1/><T28/><D86/><U90/><E111/><RYUUKYOKU ba="0,1" sc="157,-10,418,-10,250,30,165,-10" hai2="12,13,24,34,36,41,45,52,56,60,98,102,104" /><INIT seed="6,1,1,2,2,133" ten="147,408,280,155" oya="2" hai0="120,125,128,25,82,89,118,21,55,20,135,39,56" hai1="68,19,90,81,27,24,6,28,129,67,85,113,2" hai2="111,12,5,60,83,10,71,43,105,48,106,119,23" hai3="0,84,46,33,1,38,102,126,31,4,26,92,69"/><V29/><F119/><W91/><G69/><T97/><D120/><U64/><E113/><V72/><F111/><W86/><G4/><T127/><D39/><U3/><E129/><V94/><F71/><W80/><G102/><T62/><D128/><U74/><E74/><V47/><F60/><W124/><G46/><T51/><D135/><U116/><E116/><V134/><F134/><W41/><G41/><T104/><D118/><U123/><E123/><V101/><F72/><W35/><G38/><T40/><D104/><U121/><E121/><V109/><F109/><W57/><G57/><T42/><D20/><U100/><E100/><V76/><F101/><W130/><G35/><T103/><D51/><U95/><E19/><V22/><F94/><W98/><G130/><T115/><D115/><U15/><E2/><V65/><F65/><W96/><G96/><T70/><D70/><U32/><E3/><V110/><F110/><W7/><G98/><T18/><D103/><U73/><E68/><V11/><F11/><W54/><G54/><T30/><D30/><U58/><E64/><V132/><F132/><W9/><REACH who="3" step="1"/><G0/><REACH who="3" ten="147,408,280,145" step="2"/><T93/><D82/><U77/><E32/><V13/><F106/><W99/><G99/><T37/><D37/><U114/><E114/><V117/><F105/><W16/><G16/><T61/><D61/><N who="1" m="38327" /><E28/><V78/><F117/><W14/><G14/><T88/><D89/><AGARI ba="1,2" hai="1,7,9,26,31,33,80,84,86,89,91,92,124,126" machi="89" ten="40,5200,0" yaku="1,1,52,2,53,0" doraHai="133" doraHaiUra="75" who="3" fromWho="0" sc="147,-55,408,0,280,0,145,75" /><INIT seed="7,0,0,2,3,77" ten="92,408,280,220" oya="3" hai0="2,113,62,7,63,105,133,33,36,55,104,121,31" hai1="43,135,58,23,13,14,3,59,57,48,107,119,64" hai2="117,110,1,70,134,101,50,96,25,12,5,20,42" hai3="125,87,71,99,22,85,34,29,97,56,19,37,16"/><W27/><G71/><T80/><D121/><U78/><E107/><V74/><F110/><W130/><G37/><T30/><D36/><U38/><E3/><V60/><F134/><W44/><G130/><T72/><D2/><U118/><E38/><V109/><F109/><W45/><G56/><T124/><D133/><U106/><E106/><V67/><F117/><W89/><G87/><T17/><D33/><U115/><E135/><V75/><F1/><W122/><G125/><T49/><D124/><U21/><E78/><V129/><F129/><W32/><G32/><T102/><D7/><U108/><E108/><V66/><F66/><W35/><G35/><T88/><D102/><U92/><E92/><V127/><F127/><W8/><G122/><T65/><D113/><U116/><E115/><V100/><F100/><W103/><G8/><T46/><D72/><U81/><E64/><V123/><F123/><W54/><G54/><T51/><D65/><U18/><E43/><V47/><F12/><W15/><G19/><T132/><D132/><U83/><E48/><V86/><F5/><W0/><G0/><T28/><D51/><U11/><E21/><V90/><F96/><W95/><REACH who="3" step="1"/><G99/><REACH who="3" ten="92,408,280,210" step="2"/><T24/><D105/><AGARI ba="0,1" hai="15,16,22,27,29,34,44,45,85,89,95,97,103,105" machi="105" ten="30,12000,1" yaku="1,1,2,1,7,1,54,1,53,1" doraHai="77" doraHaiUra="82" who="3" fromWho="0" sc="92,-120,408,0,280,0,210,130" owari="-28,-53.0,408,51.0,280,-12.0,340,14.0" /></mjloggm>