<mjloggm ver="2.3"><GO type="169" lobby="0"/><UN n0="%51%6F%6F%50%65%65" n1="%E3%81%8A%E3%81%98%E3%81%95%E3%82%93" n2="%54%61%62%61%73%63%6F" n3="%43%4C%53" dan="16,18,17,17" rate="2140.26,2209.27,2130.64,2181.94" sx="M,M,M,M"/><TAIKYOKU oya="0"/><INIT seed="0,0,0,3,2,77" ten="250,250,250,250" oya="0" hai0="24,34,31,62,86,33,11,20,40,114,30,14,7" hai1="43,99,81,131,65,133,66,3,59,10,74,68,101" hai2="63,69,48,55,5,36,61,35,41,120,130,85,18" hai3="127,75,122,26,76,90,21,51,94,98,73,112,117"/><T27/><D114/><U52/><E131/><V53/><F35/><N who="0" m="13322" /><D62/><U111/><E111/><V15/><F120/><W46/><G127/><T6/><D86/><U129/><E133/><V39/><F5/><N who="0" m="1546" /><D40/><U12/><E129/><V93/><F130/><W19/><G117/><T78/><D78/><U128/><E3/><V16/><F85/><W113/><G122/><T107/><D107/><U50/><E128/><V105/><F15/><W54/><REACH who="3" step="1"/><G73/><REACH who="3" ten="250,250,250,240" step="2"/><T88/><D88/><U84/><E74/><V47/><F69/><W13/><G13/><T95/><D95/><N who="1" m="58623" /><E68/><V67/><F93/><W0/><G0/><T135/><D135/><U91/><E43/><V119/><F41/><W9/><G9/><T22/><D14/><U4/><AGARI ba="0,1" hai="4,10,12,50,52,59,65,66,81,84,91" m="58623" machi="4" ten="30,4000,0" yaku="8,1,52,1,54,1" doraHai="77" who="1" fromWho="1" sc="250,-20,250,50,250,-10,240,-10" /><INIT seed="1,0,0,0,1,118" ten="230,300,240,230" oya="1" hai0="24,14,126,103,28,71,80,62,85,42,77,56,119" hai1="53,32,59,115,26,122,116,104,38,75,68,57,102" hai2="70,129,110,40,107,66,8,58,41,76,49,89,130" hai3="29,48,35,23,5,86,31,30,94,72,1,128,131"/><U37/><E115/><V108/><F76/><W74/><G35/><T124/><D119/><U52/><E116/><V64/><F89/><W78/><G23/><T91/><D42/><N who="2" m="16490" /><F107/><W105/><G105/><T79/><D71/><U61/><E122/><V9/><F70/><W46/><G5/><T33/><D103/><U17/><E75/><V15/><F15/><W12/><G12/><T69/><D69/><U11/><E68/><V22/><F22/><W10/><G10/><N who="2" m="4201" /><F49/><W4/><G4/><T127/><REACH who="0" step="1"/><D14/><REACH who="0" ten="220,300,240,230" step="2"/><U73/><E102/><V83/><F83/><W121/><G1/><T120/><D120/><U63/><E104/><V3/><F3/><W0/><G0/><T109/><D109/><N who="2" m="42090" /><F58/><W123/><G123/><T134/><D134/><U36/><E11/><V106/><F106/><W27/><G121/><T111/><D111/><U132/><E132/><V96/><F96/><W92/><G92/><T25/><D25/><U135/><E135/><V114/><F114/><W20/><G94/><T93/><D93/><U95/><E95/><V113/><F113/><W67/><G27/><T39/><D39/><U54/><E38/><V88/><F130/><W65/><G128/><T45/><D45/><U21/><E37/><V84/><F129/><W6/><G131/><T87/><D87/><U81/><E36/><V60/><F84/><W51/><G46/><T7/><D7/><U55/><E32/><V117/><F117/><W43/><G6/><T97/><D97/><U100/><E100/><V112/><F112/><W19/><G43/><T125/><N who="0" m="31744" /><DORA hai="50" /><T44/><D44/><RYUUKYOKU ba="0,1" sc="220,15,300,15,240,-15,230,-15" hai0="24,28,33,56,62,77,79,80,85,91" hai1="17,21,26,52,53,54,55,57,59,61,63,73,81" /><INIT seed="1,1,1,5,5,0" ten="235,315,225,215" oya="1" hai0="40,134,127,109,124,10,116,115,135,102,103,4,79" hai1="33,16,93,65,30,34,101,49,17,44,123,91,59" hai2="113,117,63,54,20,81,26,15,23,22,19,14,88" hai3="70,75,87,52,105,78,112,85,110,99,7,72,45"/><U39/><E123/><V38/><F117/><W21/><G70/><T107/><D116/><U2/><E2/><V77/><F113/><W25/><G112/><T3/><D115/><U13/><E101/><V74/><F38/><W131/><G110/><T6/><D109/><U97/><E39/><V5/><F63/><W41/><G131/><T57/><D40/><U80/><E80/><V56/><F26/><W95/><G105/><T50/><D79/><U18/><E30/><V37/><F37/><W104/><G104/><T32/><D32/><U51/><E13/><V66/><F66/><W92/><G75/><T27/><D27/><U43/><REACH who="1" step="1"/><E65/><REACH who="1" ten="235,305,225,215" step="2"/><V55/><F15/><W106/><G25/><T9/><D107/><U69/><E69/><V8/><F14/><W1/><G1/><N who="0" m="143" /><D102/><U82/><E82/><V94/><F81/><W35/><G106/><T67/><D103/><U76/><E76/><V64/><F77/><W108/><G78/><T46/><D67/><U114/><E114/><V86/><F74/><W98/><G108/><T122/><D122/><U130/><E130/><V68/><F64/><W129/><G72/><T83/><D83/><U47/><E47/><V48/><F68/><W111/><G45/><T119/><D119/><U120/><E120/><V61/><F56/><W96/><G129/><T89/><D89/><U73/><E73/><V29/><F88/><W42/><G111/><T24/><D46/><U31/><E31/><V62/><F29/><W53/><G92/><T12/><D3/><U60/><E60/><V11/><F62/><W36/><G95/><RYUUKYOKU ba="1,2" sc="235,-10,305,30,225,-10,215,-10" hai1="16,17,18,33,34,43,44,49,51,59,91,93,97" /><INIT seed="1,2,2,1,4,42" ten="225,335,215,205" oya="1" hai0="135,53,73,19,23,48,16,119,82,41,10,116,2" hai1="45,31,58,114,17,120,125,126,1,88,76,61,14" hai2="71,30,5,129,12,57,132,36,117,85,77,108,25" hai3="105,51,134,107,39,47,63,78,3,50,115,102,131"/><U62/><E114/><V26/><F71/><W97/><G115/><T90/><D135/><U128/><E120/><V110/><F36/><W80/><G131/><T130/><D130/><U106/><E106/><V38/><F129/><W44/><G39/><T124/><D124/><N who="1" m="47723" /><E1/><V104/><F104/><W32/><G134/><T49/><D41/><U68/><E128/><V9/><F132/><W15/><G3/><T70/><D70/><U46/><E76/><V52/><F38/><W13/><G32/><T60/><D60/><N who="1" m="23147" /><E68/><V91/><F77/><W29/><G29/><T113/><D113/><U111/><E111/><N who="2" m="42539" /><F30/><W65/><G107/><T22/><D48/><U27/><E88/><V54/><F117/><W89/><G89/><T79/><D90/><U94/><E94/><N who="2" m="54639" /><F54/><W84/><G105/><T43/><D43/><U122/><E58/><V64/><F64/><W101/><G101/><T127/><D127/><U99/><E99/><V74/><F74/><W18/><G97/><T121/><D121/><U87/><E87/><V20/><F20/><W8/><G102/><T0/><D0/><U112/><E112/><V21/><F21/><N who="0" m="7690" /><D2/><U33/><E122/><V55/><F55/><W86/><G86/><T24/><D10/><AGARI ba="2,2" hai="10,14,17,27,31,33,45,46" m="23147,47723" machi="10" ten="30,5800,0" yaku="18,1,52,2" doraHai="42" who="1" fromWho="0" sc="225,-64,335,84,215,0,205,0" /><INIT seed="1,3,0,1,3,10" ten="161,419,215,205" oya="1" hai0="77,78,6,40,44,66,56,134,67,62,93,92,25" hai1="112,2,5,88,32,130,102,47,81,34,39,31,22" hai2="73,72,71,75,87,79,106,127,114,65,4,9,122" hai3="38,46,19,16,108,105,63,59,76,74,17,82,121"/><U120/><E112/><V86/><F122/><W33/><G121/><T27/><D134/><U41/><E120/><V37/><F106/><W68/><G108/><T28/><D66/><U11/><E130/><V52/><F37/><W30/><G105/><T132/><D132/><U90/><E102/><V94/><F127/><W110/><G110/><T89/><D6/><U124/><E124/><V70/><F114/><W115/><G115/><T119/><D119/><U7/><E7/><V91/><F65/><W133/><G68/><T118/><D118/><U50/><E50/><V18/><F18/><W12/><G133/><T54/><D67/><U48/><E48/><V23/><F23/><W125/><G125/><T103/><D103/><U21/><E21/><V128/><F86/><W107/><G107/><T1/><D1/><U135/><E135/><V129/><F79/><W29/><G33/><T97/><D92/><U83/><E22/><V98/><F98/><W109/><G109/><T64/><D64/><U100/><E100/><V14/><REACH who="2" step="1"/><F52/><REACH who="2" ten="161,419,205,205" step="2"/><N who="3" m="34279" /><G17/><T101/><D28/><U116/><E116/><V61/><F61/><W42/><G19/><T58/><D101/><U111/><E111/><V49/><F49/><W0/><G29/><T3/><D62/><U99/><E99/><V35/><F35/><N who="1" m="13353" /><E31/><V8/><F8/><N who="3" m="6151" /><G30/><T131/><D131/><AGARI ba="3,1" hai="4,9,14,70,71,72,73,75,87,91,94,128,129,131" machi="131" ten="50,6400,0" yaku="1,1,19,1,52,1,53,0" doraHai="10" doraHaiUra="43" who="2" fromWho="0" sc="161,-73,419,0,205,83,205,0" /><INIT seed="2,0,0,0,2,23" ten="88,419,288,205" oya="2" hai0="29,38,52,87,9,57,119,13,71,109,135,19,2" hai1="113,102,78,6,62,55,47,127,103,110,79,86,90" hai2="43,124,4,95,94,10,18,99,123,116,121,93,70" hai3="24,133,82,14,98,74,108,17,35,112,84,100,69"/><V101/><F124/><W97/><G108/><T59/><D109/><U80/><E110/><V54/><F116/><W72/><G133/><T8/><D119/><U49/><E113/><V92/><F70/><W63/><G112/><T53/><D38/><U68/><E127/><V39/><F39/><W51/><G51/><T28/><D71/><U0/><E0/><V96/><F43/><W45/><G45/><T16/><D135/><U130/><E130/><V77/><F77/><N who="1" m="29193" /><E68/><V128/><F128/><W42/><G42/><T15/><D2/><U104/><E104/><V122/><F54/><W5/><G5/><T33/><D33/><U32/><E32/><V132/><F18/><W89/><G97/><T114/><D114/><U91/><E6/><V44/><F44/><W50/><G50/><T20/><D87/><N who="1" m="50535" /><E62/><V125/><F125/><W27/><G35/><T40/><D40/><U115/><E115/><V83/><F83/><AGARI ba="0,0" hai="47,49,55,83,86,91,102,103" m="50535,29193" machi="83" ten="30,1000,0" yaku="8,1" doraHai="23" who="1" fromWho="2" sc="88,0,419,10,288,-10,205,0" /><INIT seed="3,0,0,2,0,20" ten="88,429,278,205" oya="3" hai0="2,119,78,68,36,38,73,8,75,58,30,50,40" hai1="130,43,4,134,93,107,128,70,91,76,77,5,72" hai2="6,33,118,80,14,98,96,116,55,112,102,46,99" hai3="122,16,48,37,1,88,115,56,120,90,131,17,44"/><W23/><G115/><T12/><D119/><U101/><E70/><V127/><F127/><W103/><G131/><N who="1" m="50218" /><E43/><V132/><F132/><W28/><G1/><T35/><D68/><U45/><E45/><V81/><F112/><W123/><G103/><T19/><D78/><N who="1" m="30315" /><E72/><V39/><F33/><W124/><G124/><T60/><D2/><U66/><E66/><V84/><F102/><W89/><G37/><T25/><D36/><U49/><E49/><V9/><F81/><W52/><REACH who="3" step="1"/><G44/><REACH who="3" ten="88,429,278,195" step="2"/><T82/><D38/><U109/><E134/><V100/><F100/><W71/><G71/><T51/><D40/><U129/><E129/><V57/><F46/><W26/><AGARI ba="0,1" hai="16,17,23,26,28,48,52,56,88,89,90,120,122,123" machi="26" ten="40,18000,2" yaku="1,1,0,1,52,1,54,3,53,0" doraHai="20" doraHaiUra="95" who="3" fromWho="3" sc="88,-60,429,-60,278,-60,195,190" /><INIT seed="3,1,0,5,1,90" ten="28,369,218,385" oya="3" hai0="122,46,53,26,97,1,110,100,35,33,47,76,52" hai1="70,126,106,68,88,50,99,104,39,119,92,24,124" hai2="77,102,74,45,14,57,82,108,62,113,123,29,56" hai3="61,43,6,128,129,41,22,115,131,71,42,120,28"/><W3/><G115/><T59/><D110/><U63/><E39/><V114/><F108/><W107/><G120/><T55/><D122/><U130/><E130/><V51/><F123/><W25/><G107/><N who="1" m="41002" /><E63/><V109/><F109/><W95/><G95/><T91/><D1/><U8/><E119/><V86/><F102/><W54/><G54/><T0/><D0/><U11/><E24/><V44/><F44/><W81/><G81/><T133/><D76/><U38/><E50/><V23/><F57/><W40/><N who="3" m="10240" /><DORA hai="58" /><W125/><G125/><N who="1" m="48234" /><E38/><V27/><F51/><W2/><REACH who="3" step="1"/><G6/><REACH who="3" ten="28,369,218,375" step="2"/><T31/><D133/><U111/><E111/><V5/><F113/><W37/><G37/><T89/><D35/><U15/><E8/><V66/><F114/><W17/><G17/><AGARI ba="1,1" hai="11,15,17,68,70,88,92,99" m="48234,41002" machi="17" ten="30,3900,0" yaku="18,1,52,1,54,1" doraHai="90,58" who="1" fromWho="3" sc="28,0,369,52,218,0,375,-42" /><INIT seed="4,0,0,2,5,105" ten="28,421,218,333" oya="0" hai0="53,122,64,19,40,68,45,118,22,8,9,32,69" hai1="29,2,5,67,44,79,83,27,25,95,57,124,125" hai2="107,104,54,50,96,108,72,77,114,117,73,103,13" hai3="82,100,87,24,15,76,61,102,80,55,51,16,97"/><T98/><D118/><U130/><E130/><V18/><F114/><W42/><G42/><T116/><D116/><U14/><E2/><V106/><F108/><W132/><G132/><T133/><D122/><U63/><E95/><V37/><F37/><W123/><G123/><T59/><D133/><U115/><E115/><V6/><F6/><W135/><G135/><T85/><D32/><U58/><E44/><V128/><F128/><W78/><G61/><T33/><D33/><U89/><E89/><V66/><F66/><W75/><G24/><T134/><D134/><U49/><E49/><V48/><F77/><W4/><G97/><T34/><D34/><U38/><E58/><V129/><F129/><W47/><REACH who="3" step="1"/><G4/><REACH who="3" ten="28,421,218,323" step="2"/><T0/><D98/><U60/><E60/><V20/><F117/><W12/><G12/><T52/><D64/><U31/><E27/><V92/><REACH who="2" step="1"/><F50/><REACH who="2" ten="28,421,208,323" step="2"/><W131/><G131/><T26/><D0/><U30/><E38/><V81/><F81/><W39/><G39/><T109/><D109/><U112/><E112/><V120/><F120/><W41/><G41/><T86/><D68/><U91/><E5/><V99/><F99/><W71/><G71/><T7/><D69/><U36/><E36/><V88/><F88/><W113/><G113/><T74/><D7/><U94/><E91/><V90/><F90/><W35/><G35/><T70/><D70/><U65/><E83/><V93/><F93/><W126/><G126/><T1/><D1/><U3/><E125/><V110/><F110/><W119/><G119/><T17/><D40/><U23/><E124/><RYUUKYOKU ba="0,2" sc="28,-15,421,-15,208,15,323,15" hai2="13,18,20,48,54,72,73,92,96,103,104,106,107" hai3="15,16,47,51,55,75,76,78,80,82,87,100,102" /><INIT seed="5,1,2,5,2,105" ten="13,406,223,338" oya="1" hai0="10,128,5,87,76,12,64,85,43,127,34,84,3" hai1="36,115,26,132,60,101,49,112,94,53,18,117,119" hai2="122,77,4,20,47,104,75,27,52,123,126,1,71" hai3="6,68,135,0,40,45,88,93,92,79,131,110,38"/><U95/><E36/><V13/><F126/><W33/><G110/><T108/><D108/><U28/><E18/><V54/><F104/><W67/><G33/><T81/><D127/><U42/><E42/><V61/><F1/><W129/><G92/><N who="1" m="35370" /><E60/><V39/><F39/><W107/><G107/><T121/><D128/><N who="3" m="49225" /><G135/><T133/><D133/><U134/><E101/><V14/><F122/><W69/><G67/><T99/><D121/><U32/><E119/><V70/><F123/><W37/><G37/><T118/><D118/><U29/><E29/><V91/><F71/><W11/><G79/><T46/><D34/><U56/><E117/><V120/><F120/><W63/><G63/><T35/><D35/><U23/><E32/><V17/><F70/><W21/><G21/><T50/><D64/><U58/><E58/><N who="2" m="35015" /><F75/><W59/><G59/><T89/><REACH who="0" step="1"/><D3/><REACH who="0" ten="3,406,223,338" step="2"/><U74/><E134/><V96/><F96/><AGARI ba="1,3" hai="0,6,11,38,40,45,68,69,88,93,96" m="49225" machi="96" ten="30,2000,0" yaku="19,1,54,1" doraHai="105" who="3" fromWho="2" sc="3,0,406,0,223,-23,338,53" /><INIT seed="6,0,0,2,3,97" ten="3,406,200,391" oya="2" hai0="91,133,50,55,61,62,26,36,104,38,68,40,132" hai1="34,0,85,25,42,106,79,43,16,52,124,118,72" hai2="53,83,13,48,39,23,120,78,89,117,32,86,123" hai3="107,44,60,9,7,54,12,130,27,99,111,31,81"/><V47/><F32/><W87/><G130/><T20/><D104/><U56/><E72/><V92/><F117/><W126/><G126/><T2/><D2/><U33/><E106/><V134/><F134/><N who="0" m="51818" /><D91/><U49/><E0/><V77/><F77/><W80/><G111/><T70/><D20/><N who="1" m="13447" /><E33/><V82/><F82/><W84/><G81/><T15/><D26/><U65/><E34/><V14/><F39/><N who="0" m="14890" /><D15/><N who="2" m="5642" /><F123/><W101/><G80/><T109/><D40/><N who="1" m="15403" /><E118/><V114/><F114/><W46/><G84/><T66/><D109/><U131/><E124/><V115/><F115/><W73/><G73/><T67/><D50/><U1/><E1/><V28/><F120/><W110/><G87/><T59/><D55/><U63/><E131/><V41/><F53/><W98/><G110/><T57/><AGARI ba="0,0" hai="57,59,61,62,66,67,68,70" m="14890,51818" machi="57" ten="40,5200,0" yaku="20,1,34,2" doraHai="97" who="0" fromWho="0" sc="3,52,406,-13,200,-26,391,-13" /><INIT seed="7,0,0,1,2,112" ten="55,393,174,378" oya="3" hai0="99,76,43,94,67,118,102,87,65,48,38,41,2" hai1="16,55,42,124,49,97,103,58,100,50,7,69,85" hai2="8,26,62,113,119,1,107,91,78,6,133,84,28" hai3="63,54,23,31,120,51,34,24,47,77,10,98,52"/><W117/><G117/><T114/><D118/><U36/><E69/><V71/><F119/><W105/><G120/><T132/><D132/><U19/><E124/><V101/><F113/><W33/><G77/><T111/><D111/><U5/><E36/><V125/><F125/><W93/><G105/><T126/><D126/><U88/><E42/><V75/><F133/><W73/><G73/><T57/><D114/><U121/><E121/><V123/><F78/><W9/><G33/><T4/><D38/><U129/><E129/><V72/><F91/><N who="3" m="55615" /><G34/><T37/><D37/><U110/><E50/><V106/><F84/><W83/><G83/><T17/><D2/><U127/><E127/><V15/><F15/><W29/><G29/><T134/><D134/><U104/><E110/><V46/><F46/><W14/><G14/><T66/><D4/><N who="1" m="1611" /><E104/><V59/><F107/><W109/><G109/><T25/><D25/><U82/><E97/><N who="2" m="61743" /><F59/><AGARI ba="0,0" hai="9,10,23,24,31,47,51,52,54,59,63" m="55615" machi="59" ten="30,2900,0" yaku="8,1,54,1" doraHai="112" who="3" fromWho="2" sc="55,0,393,0,174,-29,378,29" owari="55,-44.0,393,19.0,145,-25.0,407,50.0" /></mjloggm>