<mjloggm ver="2.3"><GO type="169" lobby="0"/><UN n0="%43%48%55%47%45" n1="%E3%82%A2%E3%83%92%E3%83%AB%E3%83%84%E3%83%AB%E3%82%AE%E3%83%BC" n2="%3D%4A%61%6D" n3="%43%4C%53" dan="17,16,16,17" rate="2148.63,2064.86,2159.14,2161.78" sx="M,M,M,M"/><TAIKYOKU oya="0"/><INIT seed="0,0,0,5,4,100" ten="250,250,250,250" oya="0" hai0="36,48,81,98,11,30,37,96,70,77,59,40,13" hai1="0,68,8,46,109,50,18,107,62,121,123,113,10" hai2="29,78,94,88,74,95,54,38,99,19,101,7,87" hai3="117,104,57,35,131,24,84,80,132,134,67,73,39"/><T3/><D70/><U66/><E109/><V58/><F38/><W97/><G39/><T129/><D3/><U21/><E113/><V2/><F29/><W25/><G117/><T105/><D30/><U12/><E107/><V125/><F125/><W69/><G57/><T72/><D96/><U27/><E0/><V6/><F2/><W91/><G73/><T64/><D129/><U31/><REACH who="1" step="1"/><E10/><REACH who="1" ten="250,240,250,250" step="2"/><V115/><F115/><W32/><G104/><T44/><D64/><U45/><E45/><V75/><F19/><W43/><G67/><T55/><D105/><U41/><AGARI ba="0,1" hai="8,12,18,21,27,31,41,46,50,62,66,68,121,123" machi="41" ten="20,2700,0" yaku="1,1,0,1,7,1,53,0" doraHai="100" doraHaiUra="1" who="1" fromWho="1" sc="250,-13,240,37,250,-7,250,-7" /><INIT seed="1,0,0,4,5,29" ten="237,277,243,243" oya="1" hai0="40,109,102,48,104,35,130,60,41,123,4,65,19" hai1="121,76,39,44,108,7,22,9,113,68,110,97,132" hai2="11,64,13,72,0,106,80,93,111,52,79,82,47" hai3="119,105,91,5,8,31,33,32,63,112,135,96,129"/><U98/><E113/><V90/><F106/><W74/><G112/><T37/><D37/><U128/><E121/><V56/><F111/><N who="1" m="42537" /><E68/><V42/><F64/><W57/><G74/><T36/><D36/><U58/><E76/><V21/><F0/><W62/><G31/><T114/><D65/><U10/><E132/><V78/><F21/><W120/><G120/><T101/><D41/><N who="1" m="22591" /><E128/><V73/><F47/><W3/><G129/><T95/><D40/><U125/><E125/><V27/><F27/><W89/><G135/><T28/><D130/><U69/><E69/><V118/><F42/><W131/><G131/><T127/><D127/><U46/><E46/><V1/><F1/><W92/><G119/><T115/><D114/><U77/><E77/><V86/><F118/><W50/><G105/><T85/><D104/><U53/><E22/><V71/><F71/><W15/><G3/><T75/><D115/><U81/><E81/><V134/><F134/><W17/><G5/><T124/><D4/><U94/><E7/><V117/><F117/><W70/><G70/><T126/><D124/><U67/><E67/><V25/><F25/><W24/><G24/><T34/><D126/><U66/><E66/><V84/><F11/><N who="1" m="4105" /><E94/><V23/><F23/><W59/><G59/><T16/><D95/><U103/><E103/><V133/><F133/><W100/><G100/><T38/><D101/><U14/><E14/><V2/><F2/><W6/><G6/><T54/><D123/><U99/><E99/><N who="2" m="57783" /><F13/><W51/><G8/><T61/><D109/><U20/><E20/><V43/><F43/><RYUUKYOKU ba="0,0" sc="237,-15,277,15,243,15,243,-15" hai1="53,58,97,98" hai2="52,56,72,73,78,79,80,82,84,86" /><INIT seed="1,1,0,1,1,120" ten="222,292,258,228" oya="1" hai0="66,41,79,60,82,16,6,27,43,67,17,103,100" hai1="69,35,135,129,121,93,98,45,7,125,19,114,25" hai2="18,50,88,47,85,106,23,74,8,0,52,126,62" hai3="65,131,97,91,89,30,46,133,127,54,34,21,32"/><U36/><E114/><V75/><F106/><W4/><G127/><T116/><D116/><U105/><E121/><V92/><F126/><W58/><G131/><T57/><D6/><U14/><E125/><V123/><F123/><W44/><G133/><T55/><D55/><U22/><E69/><V24/><REACH who="2" step="1"/><F62/><REACH who="2" ten="222,292,248,228" step="2"/><W110/><G32/><T20/><D66/><U96/><E105/><V42/><F42/><W70/><G34/><T115/><D115/><U3/><E35/><V10/><F10/><W51/><G65/><T95/><D41/><U73/><E135/><V111/><F111/><W26/><G110/><T86/><D43/><U61/><E61/><V28/><F28/><W39/><G30/><T2/><D2/><U119/><E3/><V87/><F87/><W112/><G112/><T63/><D63/><U56/><E129/><V64/><F64/><W130/><G130/><T77/><D77/><U132/><E132/><V68/><F68/><W118/><G70/><T38/><D38/><U12/><E73/><V59/><F59/><W31/><G58/><T94/><REACH who="0" step="1"/><D17/><REACH who="0" ten="212,292,248,228" step="2"/><U5/><E36/><V13/><F13/><W29/><G39/><T134/><D134/><U9/><E14/><V108/><F108/><W11/><G118/><T48/><D48/><U109/><E109/><V90/><F90/><W33/><G89/><T122/><D122/><U84/><E119/><V124/><F124/><W99/><G91/><T113/><D113/><U117/><E117/><V15/><F15/><N who="3" m="5607" /><G51/><T37/><D37/><U128/><E128/><V71/><F71/><W101/><G54/><RYUUKYOKU ba="1,2" sc="212,15,292,-15,248,15,228,-15" hai0="16,20,27,57,60,67,79,82,86,94,95,100,103" hai2="0,8,18,23,24,47,50,52,74,75,85,88,92" /><INIT seed="2,2,2,3,3,90" ten="227,277,263,213" oya="2" hai0="114,129,69,134,97,37,80,4,89,6,30,105,123" hai1="85,3,57,131,109,49,45,56,101,133,1,86,33" hai2="22,20,46,18,31,17,11,42,61,113,35,21,63" hai3="125,50,13,55,103,48,15,72,65,104,29,59,16"/><V95/><F35/><W73/><G125/><T122/><D37/><U102/><E109/><V79/><F113/><W99/><G13/><T64/><D114/><U51/><E33/><V10/><F31/><W81/><G29/><T43/><D43/><U71/><E71/><V88/><F79/><W5/><G5/><T0/><D30/><U93/><E133/><V135/><F135/><W12/><G12/><T87/><D134/><U41/><E131/><V84/><F46/><W116/><G116/><T36/><D36/><U124/><E124/><V25/><F42/><W7/><G7/><T14/><D0/><U74/><E74/><V82/><F82/><W44/><G81/><T128/><D64/><U119/><E119/><V54/><F21/><W60/><REACH who="3" step="1"/><G50/><REACH who="3" ten="227,277,263,203" step="2"/><T132/><D132/><U39/><E39/><V32/><F32/><W27/><G27/><T47/><D4/><U40/><REACH who="1" step="1"/><E45/><REACH who="1" ten="227,267,263,203" step="2"/><V107/><F25/><W24/><G24/><T106/><D47/><U28/><E28/><V100/><F17/><W126/><G126/><T19/><D19/><U58/><E58/><V76/><F18/><W98/><G98/><T68/><D97/><U26/><E26/><V91/><F20/><AGARI ba="2,4" hai="15,16,20,44,48,55,59,60,65,72,73,99,103,104" machi="20" ten="30,3900,0" yaku="1,1,7,1,54,1,53,0" doraHai="90" doraHaiUra="75" who="3" fromWho="2" sc="227,0,267,0,263,-45,203,85" /><INIT seed="3,0,0,1,5,109" ten="227,267,218,288" oya="3" hai0="104,81,85,110,84,11,67,21,102,7,35,6,17" hai1="98,127,61,36,76,66,114,10,55,103,45,95,42" hai2="15,116,1,56,25,99,33,96,51,135,129,53,113" hai3="72,44,91,75,79,118,32,65,4,39,78,88,62"/><W115/><G32/><T92/><D110/><U105/><E127/><V124/><F1/><W112/><G4/><T89/><D35/><U123/><E123/><V93/><F116/><W23/><G23/><T111/><D104/><U0/><E55/><V52/><F129/><W125/><G44/><T29/><D111/><U19/><E76/><N who="3" m="29226" /><G62/><T37/><D37/><U82/><E82/><V73/><F73/><N who="3" m="28235" /><G39/><T24/><D67/><U38/><E95/><V97/><F124/><W43/><G125/><T120/><D120/><U121/><E38/><V40/><F40/><W12/><G12/><N who="0" m="7327" /><D102/><U54/><E54/><V63/><F135/><W9/><G9/><T57/><D57/><U107/><E107/><V22/><F15/><W77/><G65/><T128/><D128/><U80/><E80/><V133/><F133/><W26/><G26/><T2/><D2/><U68/><E19/><V71/><F33/><W50/><G118/><T13/><D13/><U47/><E47/><V58/><F71/><W126/><G126/><T31/><D31/><U131/><E131/><V14/><F14/><W8/><G8/><T134/><D134/><U59/><E59/><V101/><REACH who="2" step="1"/><F113/><REACH who="2" ten="227,267,208,288" step="2"/><W132/><G132/><T108/><D108/><U117/><E117/><V106/><F106/><W122/><G122/><T20/><D20/><U87/><E121/><V86/><F86/><W119/><G119/><T48/><D7/><N who="1" m="1383" /><E87/><V41/><F41/><W64/><G115/><AGARI ba="0,1" hai="36,42,45,61,66,68,98,103,105,114,115" m="1383" machi="115" ten="30,3900,0" yaku="23,1,52,2" doraHai="109" who="1" fromWho="3" sc="227,0,267,49,208,0,288,-39" /><INIT seed="4,0,0,0,0,106" ten="227,316,208,249" oya="0" hai0="131,18,79,36,116,120,72,2,74,73,62,21,68" hai1="51,26,38,49,7,77,128,13,6,93,123,107,71" hai2="53,10,40,134,76,125,17,61,20,112,110,35,31" hai3="121,66,133,33,12,50,87,29,19,25,127,55,78"/><T130/><D116/><U101/><E123/><V45/><F10/><W81/><G127/><T90/><D120/><U3/><E3/><V28/><F110/><W59/><G133/><T52/><D36/><U103/><E38/><V44/><F35/><W4/><G121/><T47/><D2/><U16/><E107/><V67/><F134/><W34/><G66/><T109/><D109/><U32/><E71/><V24/><F125/><W98/><G98/><T63/><D79/><U84/><E128/><N who="0" m="49193" /><D90/><U54/><E51/><V111/><F111/><W56/><G4/><N who="1" m="1578" /><E26/><V113/><F53/><W9/><G34/><T85/><D85/><U75/><E75/><V124/><F76/><W114/><G114/><N who="2" m="44137" /><F124/><W97/><G97/><T37/><D68/><U46/><E32/><V22/><F22/><W57/><AGARI ba="0,0" hai="9,12,19,25,29,33,50,55,56,57,59,78,81,87" machi="57" ten="20,1500,0" yaku="0,1,7,1" doraHai="106" who="3" fromWho="3" sc="227,-7,316,-4,208,-4,249,15" /><INIT seed="5,0,0,0,4,87" ten="220,312,204,264" oya="1" hai0="8,81,54,57,13,66,12,74,92,43,25,29,68" hai1="55,131,42,46,76,52,135,83,109,71,115,59,93" hai2="91,105,69,41,101,119,73,18,70,1,107,110,3" hai3="116,67,53,64,19,75,38,90,5,113,0,132,130"/><U7/><E115/><V118/><F101/><W120/><G5/><T128/><D128/><U85/><E135/><V126/><F41/><W2/><G19/><T50/><D43/><U99/><E131/><V4/><F4/><W65/><G53/><T58/><D68/><N who="2" m="26218" /><F18/><W79/><G79/><T62/><D74/><U96/><E71/><V51/><F51/><W134/><G130/><T103/><D81/><U14/><E109/><V23/><F23/><W47/><G75/><T84/><D8/><U98/><E59/><V95/><F73/><W35/><G35/><T24/><D24/><U28/><E28/><V77/><F77/><W33/><G33/><T10/><D10/><N who="1" m="4447" /><E93/><V82/><F82/><W20/><G2/><N who="2" m="521" /><F95/><W6/><G0/><T61/><D50/><AGARI ba="0,0" hai="42,46,50,52,55,76,83,85,96,98,99" m="4447" machi="50" ten="30,5800,0" yaku="25,1,8,1,54,1" doraHai="87" who="1" fromWho="0" sc="220,-58,312,58,204,0,264,0" /><INIT seed="5,1,0,2,2,115" ten="162,370,204,264" oya="1" hai0="88,80,82,6,1,71,23,91,43,54,16,48,20" hai1="62,111,10,9,121,66,7,30,116,45,110,37,15" hai2="49,100,97,124,99,90,8,94,75,83,119,95,127" hai3="17,108,129,39,117,52,58,14,13,63,114,3,125"/><U70/><E121/><V131/><F8/><W74/><G3/><T69/><D71/><U50/><E37/><V81/><F49/><W35/><G35/><T77/><D69/><U32/><E116/><V72/><F119/><W68/><G108/><T78/><D1/><U123/><E123/><V87/><F131/><W93/><G74/><N who="2" m="28201" /><F127/><W98/><G125/><T11/><D43/><U104/><E10/><V41/><F41/><W19/><G129/><T29/><D29/><U128/><E128/><V96/><F124/><W55/><G68/><T106/><D106/><U60/><E60/><V84/><F100/><W38/><G58/><T46/><D11/><U53/><E30/><V67/><F67/><W135/><G63/><T120/><D120/><U57/><E32/><V42/><F42/><W101/><G101/><T40/><D40/><U36/><E36/><V89/><AGARI ba="1,0" hai="81,83,84,87,89,90,94,95,96,97,99" m="28201" machi="89" ten="40,8000,1" yaku="35,5" doraHai="115" who="2" fromWho="2" sc="162,-21,370,-41,204,83,264,-21" /><INIT seed="6,0,0,2,2,21" ten="141,329,287,243" oya="2" hai0="18,106,89,68,97,47,45,29,80,120,11,9,19" hai1="69,57,37,90,85,34,2,129,38,42,1,95,13" hai2="26,14,102,12,70,84,54,127,30,22,134,40,130" hai3="112,135,44,99,114,16,52,121,79,123,46,33,48"/><V78/><F70/><W103/><G33/><T131/><D68/><U77/><E69/><V88/><F130/><W35/><G35/><T107/><D131/><U124/><E129/><V73/><F134/><W116/><G116/><T113/><D29/><U65/><E34/><V17/><F127/><W23/><G79/><T63/><D63/><U91/><E77/><V62/><F40/><W41/><G135/><T76/><D113/><N who="3" m="43625" /><G99/><T6/><D120/><U66/><E124/><V72/><F102/><W115/><G103/><T39/><D89/><U7/><E13/><V71/><F78/><W119/><G119/><T15/><D97/><U49/><E7/><V60/><F60/><W59/><N who="3" m="43633" /><W56/><DORA hai="36" /><G44/><T43/><D45/><N who="1" m="25783" /><E37/><V118/><F118/><W24/><G59/><T87/><REACH who="0" step="1"/><D18/><REACH who="0" ten="131,329,287,243" step="2"/><U28/><E28/><V8/><F71/><W58/><G58/><T20/><D20/><U104/><E90/><V82/><F62/><AGARI ba="0,1" hai="16,23,24,41,46,48,52,56,62,121,123" m="43633" machi="62" ten="40,12000,2" yaku="15,1,11,1,52,2,54,2" doraHai="21,36" who="3" fromWho="2" sc="131,0,329,0,287,-120,243,130" /><INIT seed="7,0,0,3,2,108" ten="131,329,167,373" oya="3" hai0="101,46,69,107,15,35,33,65,11,95,127,76,87" hai1="8,73,102,31,10,123,29,83,41,118,117,72,71" hai2="44,51,86,20,113,67,104,28,124,30,77,96,53" hai3="64,121,63,58,122,7,3,111,120,84,90,128,62"/><W21/><G111/><T115/><D69/><U93/><E41/><V68/><F68/><W55/><G128/><T0/><D0/><U130/><E102/><V79/><F67/><W100/><G100/><T2/><D2/><U9/><E93/><V60/><F96/><W103/><G103/><T61/><D107/><U36/><E71/><V4/><F104/><W42/><G42/><T89/><D101/><U98/><E98/><V110/><F124/><W18/><G7/><T91/><D76/><N who="2" m="29258" /><F113/><W43/><G3/><T59/><D127/><U23/><E83/><V109/><F109/><W66/><G43/><T14/><D14/><U40/><E123/><V57/><F86/><W39/><G39/><T24/><D24/><U17/><E40/><N who="2" m="24967" /><F110/><W94/><G62/><T135/><D135/><U75/><E36/><V70/><F70/><W80/><G80/><T13/><D46/><U1/><E1/><V88/><F88/><W34/><G84/><T133/><D133/><U81/><E81/><V82/><F82/><W54/><G90/><T119/><D119/><N who="1" m="45579" /><E130/><V132/><F132/><W92/><G92/><T97/><D115/><U45/><E45/><V99/><F99/><W56/><G94/><N who="0" m="56527" /><D11/><N who="1" m="2819" /><U5/><DORA hai="106" /><E5/><V37/><F4/><W116/><G116/><T6/><D6/><U85/><E85/><V22/><F37/><W47/><G120/><T27/><D35/><U129/><E129/><V125/><F125/><W126/><G121/><T105/><D105/><U112/><E112/><V52/><F53/><N who="3" m="19979" /><G122/><T134/><D134/><U48/><E48/><V12/><F12/><AGARI ba="0,0" hai="12,17,23,29,31,72,73,75" m="2819,45579" machi="12" ten="40,8000,1" yaku="6,1,12,1,52,3" doraHai="108,106" who="1" fromWho="2" sc="131,0,329,80,167,-80,373,0" owari="131,-27.0,409,51.0,87,-41.0,373,17.0" /></mjloggm>