<mjloggm ver="2.3"><GO type="169" lobby="0"/><UN n0="%E3%81%B7%E3%82%93%E3%81%B7%E3%82%93%EF%BC%81" n1="%E3%81%A1%E3%82%83%E3%82%8B%E5%AD%90" n2="%43%4C%53" n3="%E5%85%AC%E5%8B%99%E5%93%A1%E3%81%8F%E3%82%93" dan="16,18,17,17" rate="2098.73,2246.01,2162.58,2182.95" sx="M,M,M,F"/><TAIKYOKU oya="0"/><INIT seed="0,0,0,1,3,124" ten="250,250,250,250" oya="0" hai0="47,113,26,23,5,105,107,93,38,39,112,103,82" hai1="89,91,54,19,15,116,115,95,121,35,102,17,97" hai2="104,77,133,120,75,78,14,74,88,106,36,92,0" hai3="46,83,37,57,25,128,30,51,70,109,4,60,98"/><T110/><D5/><U122/><E116/><V131/><F36/><W61/><G109/><T66/><D93/><U85/><E115/><V56/><F0/><W33/><G4/><T62/><D110/><U111/><E35/><V94/><F14/><W126/><G126/><T84/><D112/><U8/><E111/><V64/><F56/><W9/><G9/><T132/><D113/><U11/><E91/><V117/><F64/><W69/><G37/><T16/><D132/><U72/><E72/><N who="2" m="27691" /><F117/><W40/><G61/><T7/><D107/><N who="2" m="41002" /><F133/><W129/><G98/><T67/><D7/><U100/><E100/><V43/><F43/><W86/><G70/><T123/><D47/><U2/><E2/><V130/><F94/><W53/><REACH who="3" step="1"/><G69/><REACH who="3" ten="250,250,250,240" step="2"/><T27/><D39/><U1/><E1/><V118/><F118/><W22/><G22/><T71/><D38/><U24/><E11/><V31/><F120/><W42/><G42/><T99/><D123/><U87/><E122/><V34/><F34/><W65/><G65/><T96/><D67/><U108/><E108/><V58/><F58/><W41/><G41/><T3/><D3/><U6/><E121/><V127/><F127/><W44/><G44/><T29/><D71/><U12/><E6/><V134/><F134/><W32/><G32/><N who="0" m="20535" /><D66/><U28/><E8/><V45/><F45/><W101/><G101/><T135/><D135/><U73/><E102/><V125/><F125/><W90/><AGARI ba="0,1" hai="25,30,33,40,46,51,53,57,60,83,86,90,128,129" machi="90" ten="30,8000,1" yaku="1,1,0,1,52,2,53,1" doraHai="124" doraHaiUra="48" who="3" fromWho="3" sc="250,-40,250,-20,250,-20,240,90" /><INIT seed="1,0,0,1,2,8" ten="210,230,230,330" oya="1" hai0="29,122,64,53,45,73,135,20,108,95,78,42,84" hai1="9,7,33,121,115,18,22,17,124,75,110,101,46" hai2="48,63,96,40,68,91,15,74,35,120,134,57,71" hai3="66,25,80,32,131,72,82,14,127,90,89,70,39"/><U112/><E75/><V79/><F120/><W38/><G25/><T116/><D116/><U11/><E101/><V118/><F118/><W83/><G72/><T19/><D122/><U61/><E121/><V93/><F134/><W21/><G32/><T55/><D135/><U36/><E61/><V10/><F35/><W4/><G127/><T106/><D106/><U28/><E46/><V47/><F79/><W132/><G131/><T126/><D73/><U114/><E36/><V3/><F3/><W31/><G132/><T133/><D133/><U128/><E124/><V51/><F51/><W130/><G130/><T97/><D108/><U99/><E99/><V117/><F117/><W113/><G113/><T23/><D64/><U86/><E86/><V94/><F94/><W62/><G31/><T41/><D29/><U98/><E98/><V50/><F50/><W88/><REACH who="3" step="1"/><G4/><REACH who="3" ten="210,230,230,320" step="2"/><T34/><D34/><U5/><E128/><V65/><REACH who="2" step="1"/><F74/><REACH who="2" ten="210,230,220,320" step="2"/><W105/><G105/><T107/><D107/><U119/><E119/><V13/><F13/><W30/><G30/><T129/><D129/><U85/><E33/><V81/><F81/><W103/><G103/><T54/><D126/><U1/><E110/><V111/><F111/><W69/><G69/><T49/><D95/><U59/><E115/><V37/><F37/><W92/><G92/><T60/><D49/><U44/><E28/><V102/><F102/><W24/><G24/><T123/><D123/><U109/><E114/><V16/><AGARI ba="0,2" hai="10,15,16,40,47,48,57,63,65,68,71,91,93,96" machi="16" ten="20,8000,1" yaku="1,1,0,1,7,1,52,1,54,1,53,0" doraHai="8" doraHaiUra="125" who="2" fromWho="2" sc="210,-20,230,-40,220,100,320,-20" /><INIT seed="2,0,0,1,4,118" ten="190,190,320,300" oya="2" hai0="41,75,23,88,2,107,64,87,109,128,31,21,77" hai1="91,25,81,13,65,101,20,116,68,112,0,98,86" hai2="43,120,24,106,104,92,69,16,95,52,111,44,89" hai3="27,7,55,54,33,108,102,96,45,126,35,15,22"/><V61/><F95/><W100/><G108/><T74/><D109/><U76/><E112/><V9/><F111/><W70/><G126/><T122/><D2/><U131/><E0/><V124/><F124/><W84/><G70/><T67/><D107/><U63/><E131/><V53/><F120/><W18/><G84/><T93/><D128/><U127/><E127/><V129/><F129/><W82/><G82/><T6/><D6/><U12/><E76/><V115/><F115/><W42/><G35/><T57/><D122/><U29/><REACH who="1" step="1"/><E116/><REACH who="1" ten="190,180,320,300" step="2"/><V26/><F106/><AGARI ba="0,1" hai="12,13,20,25,29,63,65,68,81,86,91,98,101,106" machi="106" ten="30,7700,0" yaku="1,1,2,1,7,1,53,1" doraHai="118" doraHaiUra="94" who="1" fromWho="2" sc="190,0,180,87,320,-77,300,0" /><INIT seed="3,0,0,3,0,84" ten="190,267,243,300" oya="3" hai0="69,102,127,25,110,23,55,70,82,124,53,32,86" hai1="76,51,79,104,36,7,47,5,17,63,75,134,83" hai2="71,105,2,101,4,78,93,57,31,73,64,126,8" hai3="67,68,114,62,30,129,97,115,50,1,60,42,87"/><W22/><G1/><T111/><D32/><U9/><E134/><V118/><F118/><W119/><G119/><T125/><D102/><U54/><E104/><V48/><F126/><W24/><G129/><T27/><D23/><U133/><E133/><V80/><F71/><N who="0" m="27146" /><D86/><U26/><E79/><V15/><F31/><W91/><G62/><T98/><D98/><U28/><E63/><V122/><F122/><W72/><G72/><T18/><D18/><U95/><E36/><V35/><F35/><W49/><G97/><T66/><D82/><U100/><E100/><V43/><F105/><W74/><G74/><T14/><D14/><U37/><E37/><V44/><F2/><W108/><G108/><N who="0" m="41515" /><D66/><U117/><E95/><V56/><F64/><W109/><G109/><T41/><D41/><U120/><E117/><V0/><F0/><W39/><G114/><T33/><D33/><U106/><E106/><V90/><REACH who="2" step="1"/><F101/><REACH who="2" ten="190,267,233,300" step="2"/><W132/><G132/><T130/><D130/><U128/><E28/><V81/><F81/><W116/><G116/><T10/><D10/><U96/><E83/><V113/><F113/><W45/><G115/><T12/><D12/><U65/><E9/><V20/><F20/><W89/><REACH who="3" step="1"/><G91/><REACH who="3" ten="190,267,233,290" step="2"/><T123/><D123/><U77/><E120/><V58/><F58/><W61/><G61/><T99/><D99/><AGARI ba="0,2" hai="4,8,15,43,44,48,56,57,73,78,80,90,93,99" machi="99" ten="30,3900,0" yaku="1,1,7,1,52,1,53,0" doraHai="84" doraHaiUra="21" who="2" fromWho="0" sc="190,-39,267,0,233,59,290,0" /><INIT seed="4,0,0,1,1,25" ten="151,267,292,290" oya="0" hai0="127,84,47,130,108,35,28,64,104,9,109,11,53" hai1="98,134,88,42,113,97,131,102,13,62,65,69,33" hai2="118,12,44,75,29,10,96,128,26,133,46,90,116" hai3="81,89,124,21,71,86,43,27,3,7,58,40,112"/><T99/><D64/><U74/><E134/><V36/><F75/><W77/><G71/><T106/><D84/><U68/><E131/><V37/><F128/><W103/><G124/><T129/><D47/><N who="2" m="17962" /><F96/><W121/><G112/><T41/><D41/><U23/><E42/><V49/><F49/><W125/><G125/><T16/><D127/><U78/><E33/><V87/><F12/><W63/><G121/><T0/><D53/><U126/><E113/><V61/><F61/><W82/><G103/><N who="0" m="62591" /><D106/><U95/><E126/><V30/><F10/><N who="0" m="3594" /><D0/><U32/><E32/><V34/><F133/><W100/><G100/><T8/><N who="0" m="3602" /><T115/><DORA hai="76" /><D115/><U17/><E74/><V107/><F107/><W67/><G7/><T52/><D52/><U14/><E78/><V70/><F70/><W51/><G51/><T24/><D16/><U48/><E48/><V6/><F6/><W135/><G135/><T111/><AGARI ba="0,0" hai="24,28,35,108,109,111,129,130" m="3602,62591" machi="111" ten="40,3900,0" yaku="10,1,52,1" doraHai="25,76" who="0" fromWho="0" sc="151,39,267,-13,292,-13,290,-13" /><INIT seed="4,1,0,0,1,67" ten="190,254,279,277" oya="0" hai0="52,129,30,95,96,41,115,56,34,27,59,20,48" hai1="90,74,2,38,18,128,108,72,121,77,26,47,76" hai2="58,37,105,75,89,117,25,94,71,124,42,9,1" hai3="109,97,93,98,79,127,31,32,91,44,69,111,84"/><T104/><D115/><U35/><E108/><V14/><F105/><W28/><G127/><T85/><D129/><U78/><E121/><V13/><F75/><W113/><G113/><T46/><D104/><U119/><E119/><V24/><F124/><W88/><G69/><T64/><D64/><U22/><E128/><V4/><F117/><W23/><G32/><T68/><D68/><U116/><E116/><V110/><F110/><W40/><G79/><T99/><D34/><U66/><E2/><V101/><F101/><W36/><G31/><T29/><D29/><U6/><E6/><V126/><F126/><W114/><G114/><T107/><D107/><U7/><E7/><V61/><F37/><W21/><G21/><T70/><D70/><U118/><E66/><V134/><F42/><W60/><G60/><T5/><D5/><U81/><E35/><V86/><F134/><W54/><G54/><T83/><D95/><U0/><E0/><V49/><F49/><W120/><G120/><T63/><REACH who="0" step="1"/><D59/><REACH who="0" ten="180,254,279,277" step="2"/><U103/><E118/><V15/><F71/><W39/><G111/><T131/><D131/><U19/><E74/><V92/><F94/><N who="3" m="54535" /><G109/><T102/><D102/><U8/><E103/><V17/><F17/><W135/><G135/><T130/><D130/><U82/><E72/><V33/><F33/><W73/><G73/><T133/><D133/><U123/><E123/><V10/><F10/><W55/><G28/><T57/><D57/><U122/><E122/><V80/><F92/><W16/><G93/><T106/><D106/><U3/><E8/><V12/><F1/><RYUUKYOKU ba="1,1" sc="180,15,254,-15,279,15,277,-15" hai0="20,27,30,41,46,48,52,56,63,83,85,96,99" hai2="4,9,12,13,14,15,24,25,58,61,80,86,89" /><INIT seed="4,2,1,3,5,101" ten="195,239,294,262" oya="0" hai0="23,21,103,98,128,121,24,67,94,7,42,89,20" hai1="66,46,12,129,92,90,71,37,25,111,9,15,107" hai2="100,62,51,87,76,3,34,131,45,50,30,95,6" hai3="8,119,110,112,10,36,127,80,99,28,40,74,11"/><T85/><D128/><U54/><E129/><V132/><F131/><W77/><G110/><T14/><D121/><U102/><E111/><V73/><F132/><W84/><G119/><T41/><D67/><U122/><E122/><V13/><F3/><W91/><G112/><T96/><D98/><U53/><E66/><V81/><F34/><W104/><G127/><T33/><D33/><U44/><E71/><V27/><F62/><W109/><G109/><T32/><D32/><U108/><E108/><V115/><F115/><W43/><G28/><T52/><D24/><U83/><E107/><V106/><F6/><W113/><G113/><T130/><D130/><U60/><E102/><V116/><F116/><W126/><G126/><T35/><D35/><U63/><E83/><V58/><F13/><W65/><G65/><T1/><D1/><U105/><E105/><V68/><F68/><W120/><G120/><T39/><D39/><U117/><E25/><V57/><F30/><W19/><G19/><T134/><D134/><U18/><E15/><V47/><F27/><W125/><G125/><T97/><D97/><U26/><E26/><V118/><F118/><W59/><G59/><N who="2" m="22537" /><F45/><N who="1" m="17513" /><E37/><V133/><F47/><W88/><G36/><T5/><D52/><N who="1" m="20075" /><E117/><V93/><F133/><W86/><G74/><T69/><D69/><U78/><E78/><V72/><F72/><W75/><G75/><T123/><D123/><U2/><E2/><V55/><F55/><W114/><G114/><T16/><D5/><U48/><E48/><N who="2" m="18475" /><F73/><W135/><G135/><T70/><D70/><U61/><E61/><RYUUKYOKU ba="2,1" sc="195,-15,239,15,294,15,262,-15" hai1="9,12,18,60,63,90,92" hai2="76,81,87,93,95,100,106" /><INIT seed="5,3,1,0,4,114" ten="180,254,309,247" oya="1" hai0="11,100,69,16,124,134,130,95,75,60,108,6,115" hai1="44,56,98,87,96,110,70,61,91,64,45,97,116" hai2="128,80,79,8,42,94,53,106,9,10,121,107,88" hai3="66,43,17,83,118,27,71,132,126,92,131,104,2"/><U58/><E116/><V21/><F121/><W59/><G104/><T7/><D108/><U102/><E110/><V101/><F128/><W89/><G2/><T23/><D75/><U78/><E78/><V57/><F42/><W19/><G71/><T20/><D130/><U37/><E102/><V12/><F101/><W76/><G131/><T77/><D77/><U68/><E68/><V90/><F90/><W55/><G43/><T50/><D115/><U65/><E37/><V15/><F21/><W32/><G66/><T13/><D134/><U122/><E122/><V67/><F67/><W49/><G126/><T103/><D124/><U39/><E39/><V99/><F107/><W109/><G109/><T112/><D112/><U26/><E26/><V125/><F106/><W14/><G132/><T18/><D69/><U82/><REACH who="1" step="1"/><E70/><REACH who="1" ten="180,244,309,247" step="2"/><V81/><F125/><W36/><G36/><T74/><D103/><U72/><E72/><V40/><F40/><W86/><G118/><T34/><D74/><U135/><E135/><V62/><F79/><W29/><G14/><AGARI ba="3,2" hai="8,9,10,12,14,15,53,57,62,80,81,88,94,99" machi="14" ten="40,2600,0" yaku="8,1,54,1" doraHai="114" who="2" fromWho="3" sc="180,0,244,0,309,55,247,-35" /><INIT seed="6,0,0,4,1,133" ten="180,244,364,212" oya="2" hai0="83,96,32,13,50,60,62,130,126,97,12,28,80" hai1="74,63,15,36,3,1,14,66,0,41,51,65,85" hai2="90,52,102,111,4,61,44,122,42,82,2,120,91" hai3="18,17,53,124,23,55,110,30,108,121,25,103,115"/><V87/><F111/><N who="3" m="42539" /><G55/><T105/><D130/><U93/><E74/><V56/><F102/><W132/><G53/><T113/><D113/><U27/><E36/><V43/><F43/><W109/><N who="3" m="42547" /><W35/><DORA hai="107" /><G103/><T37/><D37/><U73/><E73/><V29/><F29/><W114/><G121/><T21/><D32/><U78/><E27/><V26/><F26/><N who="3" m="18903" /><G132/><T33/><D33/><U22/><E22/><V38/><F91/><W39/><G39/><T98/><D105/><U134/><E134/><V24/><F24/><W77/><G77/><T47/><D28/><U127/><E66/><V71/><F71/><W76/><G76/><T101/><D21/><U112/><E112/><N who="3" m="43050" /><G124/><T11/><D126/><U48/><E127/><V135/><F135/><W20/><G20/><T58/><D101/><U86/><E86/><V68/><F68/><W54/><G54/><T131/><D62/><U6/><E41/><V31/><F31/><AGARI ba="0,0" hai="17,18,23,25,31" m="43050,18903,42547" machi="31" ten="40,8000,1" yaku="15,1,11,1,34,2" doraHai="133,107" who="3" fromWho="2" sc="180,0,244,0,364,-80,212,80" /><INIT seed="7,0,0,3,0,35" ten="180,244,284,292" oya="3" hai0="16,77,71,29,30,107,73,80,85,96,45,12,31" hai1="111,124,108,25,2,70,18,63,10,72,90,120,38" hai2="93,101,128,110,66,125,92,106,28,15,134,14,41" hai3="123,103,112,69,32,56,51,114,11,121,116,105,129"/><W127/><G69/><T95/><D71/><U100/><E120/><V115/><F110/><W23/><G32/><T3/><D107/><U21/><E124/><V126/><F41/><W59/><G116/><T94/><D73/><U130/><E130/><V74/><F74/><W34/><G34/><T54/><D3/><U24/><E100/><V83/><F83/><W20/><G129/><T44/><D54/><U37/><E72/><V53/><F66/><W131/><G131/><T98/><D95/><N who="2" m="36426" /><F128/><W132/><G132/><T47/><REACH who="0" step="1"/><D94/><REACH who="0" ten="170,244,284,292" step="2"/><U82/><E111/><V67/><F53/><W19/><G121/><T42/><D42/><U78/><E108/><V0/><F0/><W17/><G123/><T27/><D27/><U22/><E70/><V97/><F125/><W109/><G127/><T76/><D76/><U102/><E78/><V117/><F126/><W9/><G109/><T55/><D55/><U64/><E2/><V88/><F106/><W68/><G68/><T133/><D133/><U122/><E25/><V48/><F134/><W36/><G105/><T119/><D119/><U7/><E24/><V60/><F117/><W40/><G114/><T62/><D62/><U58/><E63/><V89/><F115/><W113/><G112/><T57/><D57/><U61/><E61/><V86/><F60/><W118/><G113/><T6/><D6/><U5/><E5/><V79/><F79/><W87/><G118/><T135/><D135/><U99/><E7/><V8/><F67/><W75/><G75/><T4/><D4/><U46/><E122/><V52/><F52/><RYUUKYOKU type="nm" ba="0,1" sc="170,-40,244,-40,284,-40,292,120" hai0="12,16,29,30,31,44,45,47,77,80,85,96,98" owari="130,-37.0,204,-20.0,244,4.0,422,53.0" /></mjloggm>