<mjloggm ver="2.3"><GO type="169" lobby="0"/><UN n0="%E3%81%86%E3%81%95%E3%81%8E%E3%83%95%E3%82%A1%E3%83%B3%E3%82%B7%E3%83%BC" n1="%43%4C%53" n2="%E9%85%B8%E6%AC%A0%E5%B0%91%E5%A5%B3%E3%81%95%E3%83%A6%E3%82%8A" n3="%74%61%63%6F%73" dan="16,18,16,18" rate="2089.81,2199.86,2066.41,2234.64" sx="M,M,F,M"/><TAIKYOKU oya="0"/><INIT seed="0,0,0,4,2,15" ten="250,250,250,250" oya="0" hai0="71,55,50,74,4,30,95,12,5,57,75,16,126" hai1="70,73,116,124,37,76,42,81,83,127,114,48,120" hai2="23,43,51,64,63,123,117,20,0,54,79,45,66" hai3="104,96,17,130,119,11,89,102,6,35,22,77,36"/><T132/><D71/><U49/><E116/><V100/><F117/><W128/><G119/><T111/><D132/><U101/><E120/><V92/><F123/><W61/><G35/><T98/><D126/><U18/><E114/><V115/><F0/><W60/><G36/><T58/><D30/><U59/><E70/><V69/><F115/><W118/><G118/><T82/><D111/><U99/><E83/><V7/><F7/><N who="0" m="2634" /><D75/><U33/><E33/><V103/><F79/><W8/><G77/><T88/><D74/><U90/><E90/><V84/><F64/><W53/><G89/><T19/><D82/><U41/><E37/><V13/><F84/><W134/><G134/><T78/><D78/><U107/><E59/><N who="0" m="22537" /><D12/><U80/><E80/><V105/><F105/><W68/><G68/><T26/><D26/><U31/><E31/><V72/><F72/><W67/><G67/><T24/><D24/><U38/><E38/><V97/><F13/><W32/><G32/><T46/><AGARI ba="0,0" hai="16,19,46,50,55,88,95,98" m="22537,2634" machi="46" ten="30,12000,1" yaku="8,1,52,2,54,2" doraHai="15" who="0" fromWho="0" sc="250,120,250,-40,250,-40,250,-40" /><INIT seed="0,1,0,0,0,88" ten="370,210,210,210" oya="0" hai0="19,13,16,81,1,84,10,32,46,43,89,27,128" hai1="66,72,61,36,95,37,34,77,80,11,108,63,71" hai2="120,122,118,117,31,101,7,64,119,131,42,126,76" hai3="45,96,82,51,90,116,103,91,92,14,44,85,94"/><T98/><D128/><U123/><E108/><V87/><F131/><W65/><G116/><T3/><D98/><U130/><E130/><V57/><F126/><W102/><G65/><T99/><D99/><U135/><E135/><V73/><F73/><W79/><G14/><T26/><D26/><U105/><E105/><V125/><F125/><W75/><REACH who="3" step="1"/><G44/><REACH who="3" ten="370,210,210,200" step="2"/><T106/><D106/><U134/><E66/><V104/><F64/><W129/><G129/><T60/><D60/><U124/><E63/><V86/><F118/><W70/><G70/><T68/><D68/><U2/><E61/><V33/><F117/><W41/><AGARI ba="1,1" hai="41,45,51,75,79,82,85,90,91,92,94,96,102,103" machi="41" ten="20,8000,1" yaku="1,1,0,1,7,1,52,2,53,0" doraHai="88" doraHaiUra="62" who="3" fromWho="3" sc="370,-41,210,-21,210,-21,200,93" /><INIT seed="1,0,0,2,1,133" ten="329,189,189,293" oya="1" hai0="45,83,97,114,19,82,63,92,130,106,89,121,6" hai1="129,109,107,62,73,26,60,134,23,14,59,125,101" hai2="25,104,123,2,99,80,67,77,48,100,131,30,7" hai3="105,1,95,78,56,108,54,3,42,28,8,118,115"/><U15/><E73/><V32/><F123/><W71/><G105/><T85/><D114/><U84/><E134/><V126/><F131/><W5/><G71/><T91/><D130/><U79/><E129/><V17/><F17/><W29/><G115/><T41/><D121/><U116/><E116/><V57/><F48/><W47/><G3/><T117/><D117/><U102/><E109/><V61/><F7/><W34/><G34/><T81/><D6/><U120/><E120/><V38/><F2/><W76/><G108/><T96/><D63/><U16/><E62/><V53/><F38/><W31/><G118/><T9/><D106/><U39/><E39/><V4/><F4/><W58/><G95/><T52/><D96/><U24/><E14/><V21/><F32/><W74/><G54/><T87/><D41/><U122/><E122/><V128/><F128/><W135/><G135/><T64/><D64/><U66/><E125/><V36/><F36/><N who="3" m="21959" /><G78/><T18/><D9/><U37/><E37/><V20/><F126/><W11/><G11/><T88/><D82/><AGARI ba="0,0" hai="1,5,8,28,29,31,56,58,74,76,82" m="21959" machi="82" ten="30,1000,0" yaku="25,1" doraHai="133" who="3" fromWho="0" sc="329,-10,189,0,189,0,293,10" /><INIT seed="2,0,0,3,2,107" ten="319,189,189,303" oya="2" hai0="112,35,76,36,133,73,17,106,122,7,123,47,131" hai1="2,87,54,51,125,77,29,1,19,117,24,108,50" hai2="114,14,62,84,129,118,70,40,104,82,41,3,79" hai3="43,49,30,78,42,98,25,94,38,127,86,100,110"/><V69/><F3/><W90/><G38/><T93/><D17/><U67/><E117/><V115/><F118/><W124/><G110/><T8/><D93/><U134/><E108/><V56/><F104/><W44/><G78/><T27/><D112/><U132/><E67/><V52/><F129/><W97/><G43/><N who="0" m="23015" /><D106/><U61/><E61/><V26/><F26/><W130/><G130/><T68/><D131/><U75/><E87/><V66/><F69/><W111/><G111/><T0/><D68/><U53/><E19/><V28/><F28/><W22/><REACH who="3" step="1"/><G98/><REACH who="3" ten="319,189,189,293" step="2"/><T16/><D133/><U80/><E134/><V34/><F40/><W18/><G18/><T33/><D16/><U63/><E132/><V37/><F34/><N who="0" m="12810" /><D27/><U119/><E119/><V4/><F41/><W57/><G57/><T12/><D12/><U85/><E24/><V23/><F37/><W5/><G5/><T113/><D113/><U31/><E29/><V15/><F4/><W13/><G13/><T102/><D102/><U65/><E31/><V91/><F14/><W74/><G74/><T101/><D101/><U60/><E75/><V95/><F15/><W32/><G32/><T128/><D128/><U64/><E1/><V99/><REACH who="2" step="1"/><F23/><REACH who="2" ten="319,189,179,293" step="2"/><W72/><G72/><T9/><D9/><U135/><E2/><V92/><F92/><AGARI ba="0,2" hai="22,25,30,42,44,49,86,90,92,94,97,100,124,127" machi="92" ten="40,2600,0" yaku="1,1,53,1" doraHai="107" doraHaiUra="39" who="3" fromWho="2" sc="319,0,189,0,179,-26,293,46" /><INIT seed="3,0,0,0,2,107" ten="319,189,153,339" oya="3" hai0="98,89,48,4,105,54,65,115,2,133,69,27,88" hai1="123,37,42,106,3,34,8,59,25,76,119,58,9" hai2="131,47,127,24,36,132,129,82,124,21,5,67,135" hai3="101,64,26,94,83,68,118,49,11,23,72,90,15"/><W126/><G118/><T111/><D111/><U75/><E123/><V116/><F116/><W57/><G126/><N who="2" m="48169" /><F67/><W13/><G68/><T95/><D105/><U102/><E119/><V16/><F5/><W51/><G101/><T91/><D133/><N who="2" m="51274" /><F82/><W80/><G64/><T81/><D115/><U40/><E3/><V31/><F31/><W78/><G83/><T130/><D130/><N who="2" m="49674" /><F47/><W92/><G80/><T6/><D81/><U103/><E76/><V121/><F121/><W128/><G78/><T14/><D65/><U73/><E75/><V39/><AGARI ba="0,0" hai="16,21,24,36,39" m="49674,51274,48169" machi="39" ten="40,32000,5" yakuman="39" doraHai="107" who="2" fromWho="2" paoWho="0" sc="319,-320,189,0,153,320,339,0" owari="-1,-50.0,189,-21.0,473,57.0,339,14.0" /></mjloggm>
