<mjloggm ver="2.3"><GO type="169" lobby="0"/><UN n0="%41%53%41%50%49%4E" n1="%E5%89%A3%E5%9F%8E" n2="%EF%BC%A0%E6%A3%AE" n3="%E3%81%AA%E3%81%BE%E3%81%AF%E3%81%92%E3%83%AA%E3%83%BC%E3%83%81%E2%98%86" dan="18,16,16,17" rate="2220.66,2048.20,2048.39,2136.81" sx="M,M,F,M"/><TAIKYOKU oya="0"/><INIT seed="0,0,0,2,1,60" ten="250,250,250,250" oya="0" hai0="101,20,104,134,55,92,0,17,75,59,73,4,28" hai1="86,111,42,66,97,110,131,118,65,85,12,121,11" hai2="123,135,56,33,54,5,79,19,100,112,14,88,52" hai3="98,70,93,119,29,61,126,82,80,51,107,44,102"/><T64/><D134/><U46/><E118/><V27/><F135/><W38/><G119/><T26/><D104/><U113/><E121/><V76/><F123/><W43/><G126/><T133/><D133/><U15/><E131/><V21/><F112/><W103/><G29/><T50/><D0/><U109/><E113/><V116/><F116/><W69/><G69/><T81/><D4/><N who="1" m="3175" /><E97/><V18/><F33/><W1/><G1/><T41/><D81/><U117/><E117/><V90/><F5/><W16/><G38/><T127/><D127/><U49/><E15/><V67/><F100/><W62/><G103/><T58/><D41/><U31/><E31/><V40/><F40/><W115/><G115/><T83/><D83/><N who="3" m="31785" /><G70/><T114/><D114/><U74/><E74/><V3/><F3/><W32/><G32/><T96/><REACH who="0" step="1"/><D17/><REACH who="0" ten="240,250,250,250" step="2"/><U106/><E106/><V13/><F76/><W6/><G107/><T63/><AGARI ba="0,1" hai="20,26,28,50,55,58,59,63,64,73,75,92,96,101" machi="63" ten="30,18000,2" yaku="1,1,2,1,0,1,25,2,52,1,53,0" doraHai="60" doraHaiUra="129" who="0" fromWho="0" sc="240,190,250,-60,250,-60,250,-60" /><INIT seed="0,1,0,0,4,86" ten="430,190,190,190" oya="0" hai0="110,90,2,38,128,68,126,58,73,105,97,14,64" hai1="12,59,89,120,81,127,34,61,112,99,131,75,108" hai2="95,0,91,92,118,70,88,3,39,100,24,62,76" hai3="119,44,123,82,46,134,115,103,18,23,132,43,102"/><T69/><D2/><U30/><E120/><V106/><F39/><W57/><G119/><T35/><D38/><U13/><E108/><V109/><F118/><W60/><G115/><T51/><D73/><U7/><E112/><V101/><F109/><W122/><G82/><T117/><D117/><U55/><E131/><V54/><F76/><W78/><G78/><T94/><D35/><U47/><E127/><V22/><F106/><W21/><G57/><T93/><D105/><U133/><E133/><N who="3" m="51306" /><G60/><N who="0" m="37911" /><D68/><U52/><E7/><V15/><F15/><N who="3" m="9439" /><G23/><T37/><D37/><U67/><E75/><V9/><F70/><W85/><G85/><N who="0" m="52431" /><D69/><U74/><E74/><V16/><F0/><W116/><G116/><T71/><D71/><U113/><E113/><V45/><F3/><W66/><G66/><T65/><D126/><U1/><E67/><V6/><F6/><W63/><G63/><T130/><D65/><U19/><E1/><V41/><F9/><W107/><G107/><T104/><D104/><U8/><E34/><V79/><F79/><W5/><G5/><T40/><D110/><U31/><E81/><V27/><F62/><W50/><G46/><N who="0" m="26055" /><D14/><U28/><E13/><V49/><F41/><W125/><G125/><T4/><D4/><U72/><E72/><V42/><F42/><W10/><G123/><T77/><D77/><U26/><E47/><V124/><F124/><W83/><G122/><T17/><D17/><U114/><E114/><V96/><F27/><W53/><G43/><T87/><D130/><U48/><E26/><V20/><F20/><W80/><G10/><RYUUKYOKU ba="1,0" sc="430,-15,190,-15,190,15,190,15" hai2="16,22,24,45,49,54,88,91,92,95,96,100,101" hai3="44,50,53,80,83,102,103" /><INIT seed="1,2,0,3,3,12" ten="415,175,205,205" oya="1" hai0="20,6,86,18,68,128,80,41,29,40,77,124,27" hai1="58,107,37,125,121,23,127,114,25,53,122,47,62" hai2="94,42,95,85,5,1,83,82,9,112,102,15,120" hai3="115,48,103,108,66,105,30,81,45,116,131,74,32"/><U130/><E107/><V101/><F120/><N who="1" m="46185" /><E25/><V31/><F112/><W43/><G115/><T88/><D68/><U111/><E114/><V123/><F123/><W104/><G66/><T89/><D128/><U76/><E23/><V55/><F42/><N who="0" m="16490" /><D124/><N who="1" m="47691" /><E76/><V22/><F55/><W49/><G103/><T133/><D133/><U98/><E98/><V129/><F129/><W65/><G65/><T54/><D6/><U11/><E11/><V21/><F1/><W132/><G74/><T51/><D29/><U0/><E0/><V14/><F22/><W117/><G30/><T73/><D73/><U60/><E130/><V118/><F118/><W7/><G131/><T70/><D70/><U134/><E47/><AGARI ba="2,0" hai="18,20,27,47,51,54,77,80,86,88,89" m="16490" machi="47" ten="30,3900,0" yaku="8,1,52,1,54,1" doraHai="12" who="0" fromWho="1" sc="415,45,175,-45,205,0,205,0" /><INIT seed="2,0,0,1,2,23" ten="460,130,205,205" oya="2" hai0="26,93,57,78,109,30,56,68,121,41,38,8,62" hai1="53,89,83,120,132,22,90,96,94,129,61,51,107" hai2="42,127,69,45,125,123,46,87,106,99,3,54,20" hai3="82,117,122,39,37,13,47,110,43,21,12,60,128"/><V88/><F3/><W111/><G122/><T63/><D121/><U73/><E120/><V40/><F123/><W19/><G117/><T77/><D109/><N who="3" m="41481" /><G128/><T9/><D68/><U65/><E129/><V114/><F114/><W11/><G60/><T91/><D41/><N who="2" m="15978" /><F69/><W79/><G39/><T6/><D38/><U24/><E132/><V49/><F106/><W133/><G133/><T18/><D18/><U130/><E130/><V112/><F99/><W52/><G52/><N who="0" m="34055" /><D6/><U103/><E73/><V131/><F131/><W116/><G116/><T135/><D135/><U34/><E83/><N who="2" m="49279" /><F112/><W2/><G2/><T16/><D77/><U134/><E134/><V7/><F7/><N who="3" m="3199" /><G82/><T102/><D78/><AGARI ba="0,0" hai="13,19,21,37,43,47,78,79" m="3199,41481" machi="78" ten="30,1000,0" yaku="14,1" doraHai="23" who="3" fromWho="0" sc="460,-10,130,0,205,0,205,10" /><INIT seed="3,0,0,1,1,108" ten="450,130,205,215" oya="3" hai0="21,53,61,67,135,104,63,4,95,133,113,131,65" hai1="93,16,46,7,48,126,64,110,54,109,81,80,43" hai2="86,90,89,100,94,0,79,125,123,18,37,128,121" hai3="96,88,118,66,23,12,77,1,24,33,57,120,26"/><W72/><G120/><N who="2" m="46153" /><F37/><W25/><G1/><T42/><D104/><U107/><E107/><V36/><F36/><W78/><G118/><T119/><D119/><U50/><E7/><V31/><F31/><W69/><G69/><T35/><D35/><U111/><E126/><V97/><F0/><W20/><G33/><T27/><D4/><U102/><E64/><N who="0" m="24649" /><D131/><U76/><E16/><V85/><F18/><N who="3" m="10695" /><G72/><T101/><D42/><U112/><E112/><V15/><F15/><W39/><G39/><T129/><D53/><U55/><E43/><V11/><F11/><W114/><G114/><T74/><D129/><U56/><REACH who="1" step="1"/><E76/><REACH who="1" ten="450,120,205,215" step="2"/><V38/><F128/><W68/><G68/><T58/><D113/><U99/><AGARI ba="0,1" hai="46,48,50,54,55,56,80,81,93,99,102,109,110,111" machi="99" ten="40,8000,1" yaku="1,1,2,1,0,1,14,1,53,1" doraHai="108" doraHaiUra="40" who="1" fromWho="1" sc="450,-20,120,90,205,-20,215,-40" /><INIT seed="4,0,0,3,2,131" ten="430,210,185,175" oya="0" hai0="49,40,30,91,129,76,39,117,13,134,60,73,114" hai1="28,124,69,77,41,61,23,85,63,12,35,80,48" hai2="0,125,83,16,27,44,20,65,110,100,24,59,14" hai3="33,54,120,57,52,10,66,109,101,26,9,98,135"/><T121/><D117/><U45/><E124/><V89/><F125/><W21/><G109/><T126/><D121/><U92/><E69/><V36/><F0/><W112/><G33/><T38/><D126/><U104/><E104/><V67/><F110/><W18/><G120/><T108/><D108/><U70/><E70/><V99/><F36/><W96/><G112/><T46/><D114/><U81/><E35/><V58/><F44/><W97/><G101/><T31/><D129/><U103/><E81/><V95/><F59/><W118/><G118/><T128/><D128/><U47/><E47/><V86/><REACH who="2" step="1"/><F58/><REACH who="2" ten="430,210,175,175" step="2"/><W119/><G119/><T71/><D46/><U130/><E130/><V4/><F4/><W132/><G66/><AGARI ba="0,1" hai="14,16,20,24,27,65,66,67,83,86,89,95,99,100" machi="66" ten="40,5200,0" yaku="1,1,8,1,54,1,53,0" doraHai="131" doraHaiUra="133" who="2" fromWho="3" sc="430,0,210,0,175,62,175,-52" /><INIT seed="5,0,0,0,3,101" ten="430,210,237,123" oya="1" hai0="111,132,105,5,0,68,130,21,124,125,28,121,95" hai1="1,19,17,131,61,20,58,78,27,134,83,37,64" hai2="24,117,123,10,73,25,9,29,113,69,23,76,120" hai3="41,71,81,77,79,16,31,55,116,57,98,45,34"/><U122/><E122/><N who="2" m="46635" /><F69/><W99/><G71/><T13/><D95/><U8/><E37/><V47/><F47/><W22/><G116/><T115/><D21/><U15/><E134/><V128/><F73/><W33/><G33/><T85/><D85/><U59/><E131/><V126/><F76/><W53/><G34/><T96/><D13/><U65/><E1/><V54/><F54/><W62/><G31/><T109/><D96/><U86/><REACH who="1" step="1"/><E58/><REACH who="1" ten="430,200,237,123" step="2"/><V60/><F128/><W88/><G55/><AGARI ba="0,1" hai="8,15,17,19,20,27,55,59,61,64,65,78,83,86" machi="55" ten="30,11600,0" yaku="1,1,2,1,7,1,8,1,53,0" doraHai="101" doraHaiUra="39" who="1" fromWho="3" sc="430,0,200,126,237,0,123,-116" /><INIT seed="5,1,0,4,0,7" ten="430,326,237,7" oya="1" hai0="31,32,23,88,53,112,0,30,80,27,101,85,13" hai1="110,59,39,90,68,128,12,10,62,41,29,8,130" hai2="133,132,73,17,20,83,47,106,86,100,111,2,134" hai3="96,75,60,70,44,74,52,14,54,95,89,79,36"/><U4/><E68/><V65/><F2/><W1/><G1/><T57/><D0/><U104/><E104/><V114/><F111/><W3/><G3/><T19/><D112/><U22/><E110/><V63/><F73/><W46/><G36/><T127/><D127/><U124/><E124/><V82/><F47/><N who="3" m="17963" /><G75/><T42/><D101/><U34/><E39/><V11/><F114/><W123/><G74/><T129/><D129/><N who="1" m="49771" /><E41/><V48/><F48/><W21/><G123/><T126/><D126/><U72/><E72/><V33/><F33/><W91/><G70/><T51/><D32/><U5/><E34/><V35/><F35/><W78/><G91/><T121/><D121/><U9/><E90/><V49/><F49/><W77/><G60/><T116/><D116/><U87/><E87/><V117/><F117/><W84/><G84/><T25/><D42/><U125/><E125/><V122/><F86/><W64/><G64/><T18/><D27/><N who="1" m="16631" /><E12/><V102/><F122/><W119/><G119/><T113/><D113/><U16/><E16/><AGARI ba="1,0" hai="14,16,21,52,54,77,78,79,89,95,96" m="17963" machi="16" ten="30,3900,0" yaku="8,1,54,2" doraHai="7" who="3" fromWho="1" sc="430,0,326,-42,237,0,7,42" /><INIT seed="6,0,0,1,1,4" ten="430,284,237,49" oya="2" hai0="87,75,117,112,113,115,5,69,17,41,30,89,127" hai1="34,20,103,86,79,16,64,12,130,18,26,53,122" hai2="37,93,128,49,50,15,39,10,62,114,11,14,107" hai3="25,66,19,81,109,123,76,106,21,0,135,74,100"/><V36/><F107/><W31/><G123/><T72/><D69/><U52/><E122/><V42/><F128/><W90/><G109/><T24/><D127/><U38/><E130/><V45/><F114/><W83/><G135/><T65/><D65/><U108/><E108/><V2/><F2/><W47/><G0/><T131/><D131/><U33/><E38/><V67/><F93/><W98/><G66/><T59/><D117/><U1/><E1/><V6/><F50/><W58/><G58/><T68/><D68/><U23/><E64/><V9/><REACH who="2" step="1"/><F6/><REACH who="2" ten="430,284,227,49" step="2"/><W101/><G47/><T91/><D5/><U88/><E103/><V73/><F73/><W97/><G90/><T78/><D72/><U133/><E133/><V29/><F29/><W56/><G56/><AGARI ba="0,1" hai="9,10,11,14,15,36,37,39,42,45,49,56,62,67" machi="56" ten="50,12000,1" yaku="1,1,52,3,53,0" doraHai="4" doraHaiUra="105" who="2" fromWho="3" sc="430,0,284,0,227,130,49,-120" owari="430,53.0,284,-12.0,357,16.0,-71,-57.0" /></mjloggm>
