<mjloggm ver="2.3"><GO type="169" lobby="0"/><UN n0="%E3%81%88%E3%81%84%E3%81%98%30%31%32%32" n1="%E3%81%B3%E3%82%8A%E3%81%B3%E3%82%8A%E2%98%86%E3%83%93%E3%83%AA%E3%83%BC" n2="%43%4C%53" n3="%E3%81%94%E3%82%8B%E3%81%A3" dan="16,17,19,17" rate="2157.37,2162.58,2346.09,2199.39" sx="M,M,M,M"/><TAIKYOKU oya="0"/><INIT seed="0,0,0,3,5,55" ten="250,250,250,250" oya="0" hai0="20,61,3,131,1,56,68,98,64,119,133,118,0" hai1="60,105,106,9,93,49,48,62,104,40,102,17,101" hai2="72,15,46,99,57,81,109,23,88,19,85,77,10" hai3="96,74,22,41,115,27,63,30,35,26,12,69,76"/><T92/><D131/><U108/><E108/><V21/><F109/><W34/><G115/><T50/><D133/><U73/><E73/><V97/><F46/><W42/><G74/><T33/><D33/><U28/><E28/><V36/><F36/><W134/><G76/><T114/><D114/><U6/><E17/><V39/><F39/><W113/><G134/><T51/><D20/><U58/><E62/><V122/><F122/><W5/><G96/><T59/><D68/><U82/><E82/><V44/><F44/><W47/><G113/><T95/><D98/><U38/><E93/><V24/><F23/><W29/><G47/><T125/><D125/><U25/><E25/><V126/><F126/><W128/><G128/><T112/><D112/><U86/><E86/><V123/><F123/><W54/><G69/><T107/><D107/><U127/><E40/><V121/><F121/><W90/><G90/><T132/><D132/><U111/><E38/><V78/><F78/><W67/><G67/><T120/><D120/><U13/><E127/><V100/><F100/><W16/><G5/><T135/><D135/><U110/><E110/><V31/><REACH who="2" step="1"/><F57/><AGARI ba="0,0" hai="12,16,22,26,27,29,30,34,35,41,42,54,57,63" machi="57" ten="40,5200,0" yaku="9,1,52,1,54,1" doraHai="55" who="3" fromWho="2" sc="250,0,250,0,250,-52,250,52" /><INIT seed="1,0,0,4,5,95" ten="250,250,198,302" oya="1" hai0="112,53,80,106,86,5,110,87,131,109,47,49,21" hai1="121,17,67,57,54,30,28,108,105,42,33,103,12" hai2="82,24,133,50,18,81,90,8,134,130,0,36,132" hai3="125,10,111,4,40,69,126,43,60,120,116,11,22"/><U51/><E121/><V31/><F36/><W115/><G111/><N who="0" m="42507" /><D112/><U27/><E108/><V62/><F130/><W45/><G120/><T6/><D131/><U101/><E30/><V96/><F62/><W2/><G115/><T9/><D106/><U52/><E42/><V70/><F70/><W35/><G35/><T44/><D44/><U102/><E54/><V26/><F50/><W107/><G107/><T7/><D21/><U92/><E105/><V79/><F0/><W20/><G11/><T123/><D123/><U94/><REACH who="1" step="1"/><E67/><REACH who="1" ten="250,240,198,302" step="2"/><V23/><F31/><W15/><G43/><T117/><D117/><U66/><E66/><V72/><F132/><W14/><G116/><T84/><D80/><U99/><E99/><V85/><F133/><W71/><G40/><T113/><D113/><U75/><E75/><V78/><F134/><W93/><G125/><T76/><D76/><U56/><E56/><V64/><F96/><W119/><G126/><T124/><D124/><U122/><E122/><V58/><F79/><W127/><G127/><T68/><D68/><U65/><E65/><V104/><F104/><W63/><G71/><T128/><D128/><U34/><E34/><V29/><F64/><W135/><G69/><T55/><D53/><U88/><E88/><V13/><F58/><W74/><G135/><T73/><D73/><U46/><E46/><V19/><F29/><W39/><G45/><T16/><D87/><U118/><E118/><V91/><F90/><W100/><G74/><T25/><D86/><U83/><E83/><V77/><F91/><W41/><G119/><RYUUKYOKU ba="0,1" sc="250,-15,240,15,198,15,302,-15" hai1="12,17,27,28,33,51,52,57,92,94,101,102,103" hai2="8,13,18,19,23,24,26,72,77,78,81,82,85" /><INIT seed="1,1,1,1,1,90" ten="235,255,213,287" oya="1" hai0="72,60,123,48,65,62,97,132,1,100,52,70,79" hai1="30,103,128,105,104,71,81,66,77,41,51,2,12" hai2="40,92,55,75,111,114,20,89,63,42,36,28,17" hai3="121,127,39,43,15,96,24,80,47,64,133,14,35"/><U27/><E2/><V7/><F75/><W61/><G121/><T53/><D132/><U33/><E128/><V76/><F114/><W50/><G133/><T135/><D135/><U120/><E120/><V95/><F111/><W5/><G127/><T10/><D123/><U78/><E12/><V73/><F36/><W37/><G80/><T84/><D72/><U126/><E126/><V109/><F109/><W59/><G14/><T108/><D108/><U8/><E8/><V22/><F7/><W124/><G124/><T23/><D23/><U125/><E125/><V0/><F0/><W122/><G122/><T19/><D62/><N who="1" m="40407" /><E105/><V31/><F73/><W107/><G15/><T34/><D34/><U26/><E26/><V11/><F76/><W67/><G67/><T38/><D38/><U113/><E81/><V21/><F89/><W112/><G5/><T134/><D134/><U18/><E18/><V58/><F11/><W102/><REACH who="3" step="1"/><G112/><REACH who="3" ten="235,255,213,277" step="2"/><T91/><D1/><U106/><E113/><V110/><F110/><W68/><G68/><T29/><D70/><U98/><E106/><V45/><F17/><W99/><G99/><T49/><D97/><U57/><E41/><V129/><F129/><W94/><G94/><N who="2" m="35881" /><F40/><W85/><G85/><T56/><D84/><U6/><E6/><V32/><F42/><W13/><G13/><T117/><D79/><U69/><E69/><V119/><F31/><AGARI ba="1,2" hai="24,31,35,37,39,43,47,50,59,61,64,96,102,107" machi="31" ten="40,1300,0" yaku="1,1,53,0" doraHai="90" doraHaiUra="130" who="3" fromWho="2" sc="235,0,255,0,213,-16,277,36" /><INIT seed="2,0,0,0,5,86" ten="235,255,197,313" oya="2" hai0="46,22,34,105,16,103,134,57,59,6,66,35,128" hai1="122,31,64,82,72,61,89,67,4,93,7,115,92" hai2="55,29,58,11,111,83,8,68,109,24,102,118,110" hai3="1,120,30,13,43,90,112,76,101,53,81,63,132"/><V125/><F118/><W70/><G120/><T36/><D134/><U51/><E115/><V3/><F68/><W97/><G1/><T52/><D128/><U14/><E31/><V69/><F69/><W116/><G132/><T131/><D131/><U56/><E122/><V73/><F125/><W74/><G116/><T18/><D6/><U94/><E51/><V85/><F102/><W12/><G43/><T49/><D18/><U106/><E106/><V114/><F73/><W117/><G112/><T71/><D71/><U26/><E26/><V129/><F114/><W41/><G41/><T88/><D36/><U80/><E67/><V126/><F3/><W99/><G30/><T127/><D127/><U91/><E72/><V9/><F126/><W28/><G28/><T21/><D21/><U0/><E0/><V25/><F29/><W113/><G117/><T19/><D19/><U23/><E23/><V50/><REACH who="2" step="1"/><F129/><REACH who="2" ten="235,255,187,313" step="2"/><W130/><G130/><T17/><D103/><U124/><E124/><V20/><F20/><W2/><G2/><T27/><D105/><U60/><E14/><V5/><F5/><N who="1" m="2121" /><E61/><V119/><F119/><W44/><G13/><T78/><D35/><U40/><E40/><V133/><F133/><W123/><G12/><T37/><D34/><U95/><N who="1" m="23552" /><DORA hai="98" /><U96/><E96/><V87/><F87/><W108/><G113/><T100/><D100/><U32/><E32/><V121/><F121/><W45/><G101/><T77/><D17/><U47/><E47/><V48/><F48/><W15/><G123/><T62/><D49/><U65/><E60/><RYUUKYOKU ba="0,1" sc="235,-10,255,-10,187,30,313,-10" hai2="8,9,11,24,25,50,55,58,83,85,109,110,111" /><INIT seed="2,1,1,3,1,109" ten="225,245,217,303" oya="2" hai0="112,0,43,69,116,36,105,35,41,34,107,44,51" hai1="61,119,90,120,89,111,48,126,57,68,102,21,14" hai2="99,16,123,23,133,77,131,25,100,71,113,52,46" hai3="87,132,96,42,73,37,9,98,130,84,19,12,26"/><V72/><F123/><W64/><G73/><T24/><D51/><U67/><E119/><V58/><F71/><W81/><G130/><T86/><D116/><U30/><E111/><V54/><F131/><W121/><G121/><T50/><D86/><U27/><E120/><V127/><F127/><W115/><G132/><T118/><D118/><U134/><E134/><V20/><F133/><W13/><G64/><T125/><D125/><U33/><E126/><V53/><F113/><W101/><G26/><T55/><D69/><U92/><E14/><V62/><F46/><W122/><G122/><T18/><D112/><U7/><E7/><V28/><F77/><W3/><G3/><T82/><D82/><U95/><E33/><V70/><F70/><W31/><G31/><T88/><D88/><N who="1" m="33899" /><E68/><V22/><F72/><W110/><G115/><T4/><D105/><U94/><E48/><V79/><F79/><W45/><G110/><T117/><D107/><U124/><E124/><V40/><F40/><N who="0" m="15434" /><D36/><U114/><E114/><V97/><F22/><W108/><G108/><T2/><D117/><U65/><E65/><N who="2" m="39127" /><F100/><AGARI ba="1,1" hai="21,27,30,57,61,67,92,94,95,100,102" m="33899" machi="100" ten="30,2000,0" yaku="8,1,54,1" doraHai="109" who="1" fromWho="2" sc="225,0,245,33,217,-23,303,0" /><INIT seed="3,0,0,1,0,77" ten="225,278,194,303" oya="3" hai0="116,86,61,6,68,63,60,115,29,36,122,120,135" hai1="2,41,17,134,28,9,54,33,53,18,74,130,80" hai2="92,50,3,93,42,106,37,7,113,22,78,87,12" hai3="5,57,85,96,126,55,101,132,125,128,84,4,31"/><W73/><G73/><T81/><D116/><U38/><E130/><V105/><F113/><W23/><G128/><T94/><D115/><U39/><E28/><V111/><F111/><W14/><G132/><T52/><D135/><U47/><E33/><V127/><F37/><W117/><G117/><T103/><D36/><U40/><E134/><V104/><F127/><N who="3" m="48651" /><G31/><T21/><D68/><U66/><E66/><V112/><F112/><W71/><G23/><T69/><D69/><U97/><E97/><V51/><F3/><W58/><G58/><N who="0" m="34887" /><D6/><N who="3" m="2665" /><G14/><T114/><D114/><U67/><E67/><V95/><F42/><W45/><G45/><T108/><D108/><U124/><E124/><V62/><F62/><N who="3" m="36159" /><G71/><T131/><D131/><U65/><E47/><V89/><F7/><W48/><G48/><T35/><D35/><U72/><E65/><V102/><F78/><W30/><G30/><T11/><D11/><U91/><E9/><V43/><F43/><W100/><G100/><T90/><D122/><U10/><E10/><V133/><F102/><W44/><G44/><T107/><D120/><U0/><E91/><V121/><F121/><W70/><G70/><T32/><D32/><U82/><AGARI ba="0,0" hai="0,2,17,18,38,39,40,41,53,54,72,74,80,82" machi="82" ten="25,8000,1" yaku="0,1,22,2,52,2" doraHai="77" who="1" fromWho="1" sc="225,-20,278,80,194,-20,303,-40" /><INIT seed="4,0,0,3,4,132" ten="205,358,174,263" oya="0" hai0="81,2,41,86,121,100,52,105,22,106,26,90,20" hai1="124,128,70,11,118,49,107,73,84,120,74,33,45" hai2="50,13,85,115,16,112,56,97,34,80,130,1,93" hai3="21,68,123,67,17,102,18,12,31,55,10,83,103"/><T14/><D121/><U113/><RYUUKYOKU type="yao9" ba="0,0" sc="205,0,358,0,174,0,263,0" hai1="11,33,45,49,70,73,74,84,107,113,118,120,124,128" /><INIT seed="4,1,0,4,5,31" ten="205,358,174,263" oya="0" hai0="68,5,40,41,7,88,134,39,60,116,66,19,35" hai1="120,128,91,117,61,62,32,87,109,104,89,133,21" hai2="23,37,14,13,80,46,42,111,11,52,94,3,93" hai3="26,49,107,75,132,59,29,15,86,83,131,16,18"/><T63/><D116/><U22/><E117/><V78/><F111/><W64/><G107/><T17/><D134/><U106/><E109/><V113/><F113/><W90/><G131/><T127/><D127/><U50/><E87/><V47/><F23/><W38/><G38/><T44/><D41/><U0/><E50/><V36/><F13/><W25/><G132/><T73/><D73/><U57/><E133/><V122/><F122/><W135/><G75/><T4/><D63/><U28/><E28/><V105/><F105/><W2/><G2/><T95/><REACH who="0" step="1"/><D35/><REACH who="0" ten="195,358,174,263" step="2"/><U108/><E32/><V71/><F42/><W54/><G135/><T56/><D56/><U110/><E57/><V34/><F34/><W8/><G64/><T1/><D1/><U112/><E0/><V121/><F3/><W65/><G65/><T12/><D12/><U114/><E128/><V103/><F14/><W74/><G74/><T69/><D69/><U9/><E9/><V82/><F11/><W102/><G8/><T84/><AGARI ba="1,1" hai="4,5,7,17,19,39,40,44,60,66,68,84,88,95" machi="84" ten="30,6000,0" yaku="1,1,0,1,54,1,53,0" doraHai="31" doraHaiUra="30" who="0" fromWho="0" sc="195,73,358,-21,174,-21,263,-21" /><INIT seed="4,2,0,3,5,99" ten="268,337,153,242" oya="0" hai0="91,101,81,15,30,6,47,50,96,131,109,27,37" hai1="116,132,111,51,24,119,102,14,16,86,110,23,54" hai2="95,36,8,133,73,125,29,9,134,60,40,12,2" hai3="66,83,123,120,105,103,11,84,58,94,80,70,52"/><T114/><D114/><U107/><E86/><V108/><F73/><W46/><G105/><T31/><D131/><U57/><E132/><V89/><F108/><W126/><G126/><T97/><D109/><U18/><E111/><V112/><F125/><W20/><G46/><T48/><D96/><U124/><E110/><V122/><F122/><N who="3" m="46635" /><G20/><T21/><D31/><U78/><E78/><V128/><F112/><W56/><G56/><T79/><D91/><U106/><E124/><V130/><F60/><N who="3" m="40263" /><G11/><T85/><D6/><U129/><E129/><V92/><F40/><W88/><G103/><T38/><D15/><U69/><E69/><V7/><F29/><W22/><G22/><T41/><REACH who="0" step="1"/><D37/><REACH who="0" ten="258,337,153,242" step="2"/><U100/><E14/><V19/><F36/><W113/><G113/><T32/><D32/><U115/><E115/><V1/><F7/><W49/><AGARI ba="2,1" hai="49,52,58,80,83,84,88,94" m="40263,46635" machi="49" ten="30,4000,0" yaku="13,1,54,2" doraHai="99" who="3" fromWho="3" sc="258,-22,337,-12,153,-12,242,56" /><INIT seed="5,0,0,5,4,101" ten="236,325,141,298" oya="1" hai0="111,130,66,22,53,75,55,121,7,8,128,65,13" hai1="51,48,37,123,97,16,88,104,35,50,34,25,116" hai2="39,36,90,31,49,18,108,62,10,67,11,109,27" hai3="28,64,9,24,84,79,125,61,60,81,78,17,2"/><U113/><E116/><V85/><F36/><W129/><G129/><N who="0" m="49771" /><D111/><U100/><E123/><V20/><F39/><W106/><G106/><T114/><D121/><U4/><E37/><V40/><F109/><W58/><G125/><T127/><D127/><U54/><E113/><V69/><F108/><W118/><G118/><T112/><D75/><U72/><E72/><V102/><F40/><W47/><G47/><T80/><D80/><U33/><E4/><V96/><F49/><W76/><G60/><T87/><D87/><U57/><REACH who="1" step="1"/><E88/><REACH who="1" ten="236,315,141,298" step="2"/><V86/><F86/><W92/><G76/><T103/><D114/><U19/><E19/><V99/><F18/><W89/><G17/><T70/><D112/><U132/><E132/><V46/><F85/><W134/><G134/><T26/><D7/><U91/><E91/><V120/><F120/><W122/><G122/><T42/><D103/><U77/><E77/><V23/><F90/><W93/><G79/><T124/><D124/><U0/><E0/><V63/><F102/><W41/><G78/><T110/><D110/><U73/><E73/><V135/><F135/><W38/><G2/><T1/><D1/><U12/><E12/><V43/><F96/><W14/><G14/><T52/><D13/><U115/><E115/><V94/><F99/><W119/><G119/><T59/><D26/><U126/><E126/><V133/><F133/><W29/><G24/><T98/><D98/><U44/><E44/><V6/><F46/><W83/><G84/><T3/><D3/><U117/><E117/><V15/><F27/><W5/><G5/><RYUUKYOKU ba="0,1" sc="236,-10,315,30,141,-10,298,-10" hai1="16,25,33,34,35,48,50,51,54,57,97,100,104" /><INIT seed="5,1,1,5,3,22" ten="226,345,131,288" oya="1" hai0="133,44,118,119,7,102,134,73,27,83,77,15,71" hai1="13,33,82,104,131,31,100,69,103,88,25,61,30" hai2="43,122,84,39,79,110,26,114,28,56,40,113,66" hai3="5,87,92,132,75,96,54,99,89,0,29,128,111"/><U109/><E131/><V55/><F122/><W108/><G29/><T80/><D71/><U129/><E129/><V124/><F110/><N who="3" m="42027" /><G5/><T10/><D102/><U135/><E109/><V68/><F79/><W81/><G0/><T126/><D126/><U11/><E135/><N who="0" m="51721" /><D44/><U1/><E1/><V18/><F18/><W21/><G21/><T70/><D70/><U117/><E117/><N who="0" m="44553" /><D83/><U125/><E125/><V6/><F6/><W14/><G14/><T37/><D37/><U35/><E104/><V85/><F124/><W127/><G127/><T101/><D101/><U50/><E35/><V112/><F68/><W93/><G132/><T19/><D27/><U52/><E31/><V78/><F66/><W24/><G24/><T97/><D97/><N who="3" m="37449" /><G128/><T86/><D7/><U120/><E69/><V67/><F67/><W47/><G47/><T57/><D57/><U8/><E13/><V58/><F58/><W94/><G54/><T107/><D107/><U90/><E52/><V4/><F4/><W12/><G12/><T95/><D95/><U3/><E3/><V17/><F17/><W123/><G123/><T38/><D38/><U42/><E120/><V32/><F39/><W76/><AGARI ba="1,1" hai="75,76,81,87,89,92,93,94" m="37449,42027" machi="76" ten="30,2000,0" yaku="34,2" doraHai="22" who="3" fromWho="3" sc="226,-6,345,-11,131,-6,288,33" /><INIT seed="6,0,0,5,1,79" ten="220,334,125,321" oya="2" hai0="89,20,75,17,77,87,99,44,67,78,27,32,83" hai1="1,127,57,18,71,4,14,12,106,31,29,53,49" hai2="28,8,85,73,3,133,110,84,63,52,59,111,90" hai3="36,23,54,134,34,66,96,39,76,58,69,105,112"/><V124/><F73/><W132/><G34/><T118/><D118/><U95/><E106/><V82/><F133/><N who="3" m="51307" /><G112/><T30/><D67/><U103/><E71/><V68/><F124/><W50/><G23/><T6/><D6/><U55/><E1/><V92/><F28/><W131/><G131/><T107/><D44/><N who="1" m="27815" /><E12/><V40/><F40/><W117/><G76/><T61/><D61/><N who="1" m="36031" /><E4/><V15/><F3/><W97/><G117/><T109/><D109/><N who="2" m="41482" /><F68/><W123/><G123/><T21/><D32/><U80/><E127/><V125/><F125/><W60/><G105/><T120/><D120/><U56/><E29/><V98/><F82/><W81/><G81/><T126/><D126/><U114/><E80/><V108/><N who="2" m="41490" /><V37/><DORA hai="48" /><F37/><AGARI ba="0,0" hai="36,37,39,50,54,58,60,66,69,96,97" m="51307" machi="37" ten="30,2000,0" yaku="20,1,52,1" doraHai="79,48" who="3" fromWho="2" sc="220,0,334,0,125,-20,321,20" /><INIT seed="7,0,0,4,0,64" ten="220,334,105,341" oya="3" hai0="63,120,36,106,54,89,28,105,95,7,30,128,49" hai1="71,76,124,132,113,75,103,42,56,127,79,74,59" hai2="23,35,60,26,73,81,32,46,55,9,87,96,116" hai3="25,121,104,24,29,4,65,109,125,50,13,58,43"/><W6/><G121/><T100/><D120/><U108/><E113/><V8/><F116/><W34/><G104/><T99/><D128/><U102/><E71/><V33/><F73/><W67/><G25/><T72/><D36/><U66/><E66/><V91/><F33/><W82/><G125/><T93/><D7/><U111/><E42/><V51/><F32/><W123/><G123/><T118/><D118/><U31/><E31/><V92/><F35/><W57/><G57/><T126/><D126/><U98/><E98/><V62/><F8/><W85/><G109/><T27/><D72/><U2/><E2/><V40/><F40/><W17/><G6/><T130/><D130/><U39/><E39/><V68/><F68/><W14/><G14/><T134/><D63/><U1/><E1/><V117/><F117/><W84/><G84/><T22/><D30/><U131/><E131/><V107/><F107/><W114/><G4/><T0/><D134/><AGARI ba="0,0" hai="56,59,74,75,76,79,102,103,108,111,124,127,132,134" machi="134" ten="25,1600,0" yaku="22,2" doraHai="64" who="1" fromWho="0" sc="220,-16,334,16,105,0,341,0" owari="204,-20.0,350,45.0,105,-39.0,341,14.0" /></mjloggm>