<mjloggm ver="2.3"><GO type="169" lobby="0"/><UN n0="%E8%97%A4%E4%BA%95%E8%81%A1%E5%A4%AA" n1="%EF%BC%88%E2%89%A7%E2%96%BD%E2%89%A6%EF%BC%89" n2="%32%30%30%E6%88%A6%E5%8D%87%E7%89%B9" n3="%43%4C%53" dan="20,20,16,19" rate="2321.18,2200.86,2134.66,2265.21" sx="M,M,M,M"/><TAIKYOKU oya="0"/><INIT seed="0,0,0,4,3,42" ten="250,250,250,250" oya="0" hai0="33,125,40,124,133,50,62,63,17,100,134,3,75" hai1="22,54,5,2,28,56,74,131,52,13,120,39,71" hai2="91,92,116,86,129,106,73,127,122,107,98,126,110" hai3="70,27,41,66,1,95,68,37,77,94,48,65,128"/><T19/><D75/><U83/><E71/><V9/><F122/><W64/><G1/><T20/><D33/><U8/><E120/><V10/><F110/><W38/><G77/><T99/><D3/><U76/><E131/><V24/><F129/><W32/><G27/><T0/><D0/><U104/><E104/><N who="2" m="39979" /><F24/><W123/><G32/><T12/><D99/><U6/><E39/><N who="3" m="14858" /><G94/><T88/><D100/><U36/><E36/><V103/><F73/><W29/><G95/><T59/><D88/><U97/><E97/><V79/><F116/><W23/><G23/><T11/><D50/><U118/><E118/><V47/><F79/><W60/><G29/><T67/><D62/><U69/><E69/><N who="3" m="26730" /><G128/><T43/><D40/><U14/><E28/><V82/><F9/><W18/><G18/><T105/><D43/><U80/><E2/><V96/><F10/><W49/><G123/><T101/><D101/><U45/><E22/><V44/><F98/><W135/><G135/><N who="0" m="51723" /><D105/><U16/><E74/><V121/><F121/><W30/><G30/><T112/><D112/><U21/><E76/><V117/><F117/><W72/><G72/><T109/><D109/><U4/><E4/><V31/><F31/><W114/><G114/><T132/><N who="0" m="51731" /><T84/><DORA hai="46" /><D84/><U51/><E5/><V115/><F115/><W130/><G130/><T90/><D90/><U81/><E81/><V102/><F102/><W57/><G41/><T55/><D67/><AGARI ba="0,0" hai="48,49,57,60,64,65,66,67" m="26730,14858" machi="67" ten="40,12000,2" yaku="35,5,52,2" doraHai="42,46" who="3" fromWho="0" sc="250,-120,250,0,250,0,250,120" /><INIT seed="1,0,0,4,5,34" ten="130,250,250,370" oya="1" hai0="101,48,22,130,70,50,5,25,97,46,20,125,89" hai1="1,19,40,9,87,82,3,27,58,81,134,45,102" hai2="90,127,39,21,14,2,92,93,110,116,135,96,107" hai3="61,124,98,77,63,13,109,133,104,75,114,72,0"/><U6/><E134/><V51/><F39/><W47/><G13/><T35/><D130/><U74/><E102/><V120/><F120/><W73/><G47/><T100/><D125/><U16/><E74/><V31/><F127/><W112/><G124/><T117/><D117/><U121/><E121/><V56/><F116/><W105/><G77/><T23/><D70/><U29/><E58/><V44/><F107/><W32/><G32/><T59/><D5/><U68/><E68/><V71/><F71/><W8/><G98/><T49/><D35/><U91/><E81/><V76/><F76/><W33/><G33/><T88/><D25/><U30/><E1/><V57/><F2/><W128/><G128/><T55/><D101/><U78/><E78/><V83/><F83/><W64/><G133/><T42/><REACH who="0" step="1"/><D49/><REACH who="0" ten="120,250,250,370" step="2"/><U60/><E60/><V122/><F122/><W79/><G61/><T65/><D65/><U24/><E24/><V108/><F135/><W36/><G64/><T7/><D7/><U85/><E27/><V131/><F131/><W67/><G67/><T18/><D18/><U95/><E29/><V43/><F31/><W11/><G63/><T94/><AGARI ba="0,1" hai="20,22,23,42,46,48,50,55,59,88,89,94,97,100" machi="94" ten="30,7900,0" yaku="1,1,0,1,8,1,54,1,53,0" doraHai="34" doraHaiUra="129" who="0" fromWho="0" sc="120,89,250,-39,250,-20,370,-20" /><INIT seed="2,0,0,1,3,92" ten="209,211,230,350" oya="2" hai0="39,74,19,48,65,107,12,90,80,111,86,16,30" hai1="64,4,83,88,84,87,57,135,35,41,71,34,125" hai2="26,46,119,96,93,133,50,8,56,28,73,82,104" hai3="14,81,70,33,78,15,121,25,58,94,114,23,17"/><V62/><F119/><W66/><G121/><T117/><D39/><U43/><E71/><V85/><F73/><W89/><G70/><T123/><D123/><U126/><E4/><V72/><F72/><W68/><G68/><T7/><D111/><U128/><E128/><V76/><F104/><W27/><G114/><T116/><D65/><U61/><E135/><V11/><F133/><W63/><G33/><T55/><D30/><U118/><E118/><N who="0" m="45673" /><D74/><U105/><E105/><V13/><F13/><W69/><G69/><T2/><D2/><U31/><E34/><V101/><F50/><W10/><G81/><T59/><D107/><U134/><E134/><V53/><REACH who="2" step="1"/><F46/><REACH who="2" ten="209,211,220,350" step="2"/><W20/><G14/><T40/><D40/><U1/><E1/><V129/><F129/><W29/><G15/><T95/><D80/><U49/><E43/><V60/><F60/><W22/><G63/><T54/><D54/><U110/><E41/><V124/><F124/><W112/><G66/><T120/><D120/><U32/><E126/><V24/><F24/><W99/><G25/><T6/><D6/><U77/><E125/><V21/><AGARI ba="0,1" hai="8,11,21,26,28,53,56,62,76,82,85,93,96,101" machi="21" ten="20,12000,1" yaku="1,1,0,1,7,1,8,1,52,1,53,0" doraHai="92" doraHaiUra="3" who="2" fromWho="2" sc="209,-40,211,-40,220,130,350,-40" /><INIT seed="2,1,0,3,5,50" ten="169,171,350,310" oya="2" hai0="76,12,78,119,61,29,129,40,125,54,120,62,108" hai1="4,17,93,13,27,84,122,8,101,95,117,42,33" hai2="133,112,103,5,86,107,3,30,110,98,134,132,104" hai3="64,70,65,82,111,21,57,89,114,128,46,90,22"/><V25/><F112/><W52/><G70/><T49/><D120/><U32/><E117/><V73/><F86/><W15/><G114/><T67/><D108/><U69/><E122/><V99/><F73/><W92/><G111/><T72/><D129/><U116/><E116/><V127/><F110/><W59/><G128/><T28/><D125/><U121/><E69/><V66/><F66/><N who="3" m="25707" /><G46/><T96/><D40/><U63/><E121/><V9/><F127/><W53/><G82/><T83/><D78/><U71/><E71/><V11/><F11/><W131/><G15/><T36/><D36/><U55/><E42/><V18/><F18/><W85/><G90/><T44/><D119/><U43/><E43/><V68/><F68/><W113/><G113/><T60/><D67/><U38/><E38/><V19/><F19/><W23/><G131/><T81/><D81/><U91/><E101/><V48/><F104/><W74/><G74/><T106/><REACH who="0" step="1"/><D12/><REACH who="0" ten="159,171,350,310" step="2"/><U47/><E13/><V0/><F0/><W135/><G135/><T58/><D58/><AGARI ba="1,1" hai="21,22,23,52,53,57,58,59,85,89,92" m="25707" machi="58" ten="30,7700,0" yaku="8,1,52,2,54,1" doraHai="50" who="3" fromWho="0" sc="159,-80,171,0,350,0,310,90" /><INIT seed="3,0,0,3,0,123" ten="79,171,350,400" oya="3" hai0="118,129,14,70,117,54,62,84,120,46,91,44,125" hai1="109,67,58,110,71,3,56,106,83,65,111,95,5" hai2="75,20,49,96,51,124,48,74,0,87,63,33,19" hai3="45,108,37,72,1,103,78,55,42,93,79,88,52"/><W22/><G1/><T2/><D2/><U13/><E106/><V85/><F33/><W107/><G107/><T12/><D120/><U53/><E3/><V29/><F0/><W15/><G103/><T73/><D73/><U66/><E71/><V121/><F121/><W89/><G89/><T18/><D129/><U27/><E83/><V100/><F29/><W113/><G113/><T105/><D105/><U38/><E38/><V102/><F102/><W28/><G28/><T101/><D101/><U115/><E115/><V36/><F36/><W24/><G15/><T82/><D125/><U35/><E95/><N who="2" m="58399" /><F74/><W39/><G39/><T122/><D12/><U90/><E90/><V16/><F75/><W30/><G108/><T57/><D70/><U135/><E135/><V59/><F124/><W97/><REACH who="3" step="1"/><G72/><REACH who="3" ten="79,171,350,390" step="2"/><T77/><D122/><U32/><E13/><N who="2" m="9231" /><F19/><W80/><G80/><T31/><D31/><N who="1" m="19583" /><E5/><V23/><F23/><W116/><G116/><T126/><D126/><U17/><E17/><V132/><F132/><W98/><G98/><T25/><D25/><U60/><E35/><V50/><N who="2" m="12288" /><DORA hai="114" /><V64/><AGARI ba="0,1" hai="59,63,64,85,87" m="12288,9231,58399" machi="64" ten="40,5200,0" yaku="4,1,8,1,54,1" doraHai="123,114" who="2" fromWho="2" sc="79,-13,171,-13,350,62,390,-26" /><INIT seed="4,0,0,0,0,9" ten="66,158,412,364" oya="0" hai0="84,99,70,83,129,11,10,102,56,111,25,8,0" hai1="20,135,72,13,93,22,38,37,65,77,114,131,124" hai2="54,33,125,105,43,113,42,87,94,52,48,51,107" hai3="71,6,50,82,30,5,101,116,120,69,62,27,4"/><T55/><D129/><U68/><E68/><V36/><F33/><W47/><G116/><T23/><D111/><U127/><E65/><V63/><F113/><W41/><G120/><T89/><D70/><U95/><E114/><V7/><F63/><W73/><G101/><T59/><D0/><U109/><E109/><V88/><F125/><N who="1" m="48201" /><E135/><V26/><F36/><N who="1" m="13929" /><E131/><V79/><F79/><W66/><G71/><T81/><D81/><N who="1" m="45223" /><E22/><V57/><F107/><W115/><G115/><T112/><D112/><U64/><E64/><V3/><F105/><W46/><G46/><T104/><REACH who="0" step="1"/><D55/><REACH who="0" ten="56,158,412,364" step="2"/><U122/><E122/><V34/><F54/><W2/><G2/><T29/><AGARI ba="0,1" hai="8,10,11,23,25,29,56,59,83,84,89,99,102,104" machi="29" ten="30,11700,0" yaku="1,1,2,1,0,1,53,1" doraHai="9" doraHaiUra="18" who="0" fromWho="0" sc="56,127,158,-39,412,-39,364,-39" /><INIT seed="4,1,0,0,2,9" ten="183,119,373,325" oya="0" hai0="42,120,0,106,8,70,105,128,32,75,107,99,21" hai1="36,22,5,73,109,53,1,102,29,80,49,12,89" hai2="76,72,2,46,20,88,45,66,56,111,31,43,48" hai3="116,114,77,55,7,14,100,39,122,133,54,57,108"/><T119/><D119/><U125/><E36/><V61/><F2/><W115/><G116/><T83/><D32/><U15/><E109/><V104/><F104/><W4/><G108/><T24/><D120/><U44/><E125/><V123/><F123/><W13/><G122/><T64/><D128/><U85/><E73/><V84/><F111/><W126/><G39/><T17/><D42/><U40/><E1/><V3/><F3/><W113/><G126/><T82/><D99/><U11/><E102/><V59/><F72/><W130/><G130/><T41/><D41/><U117/><E117/><V132/><F76/><W121/><G121/><T35/><D35/><U131/><E131/><V47/><F132/><W92/><G77/><T94/><D94/><U91/><E53/><N who="3" m="19978" /><G57/><T25/><D25/><N who="1" m="16567" /><E15/><N who="3" m="5642" /><G133/><T19/><D75/><U93/><E93/><N who="2" m="54407" /><F59/><W81/><G81/><T97/><D82/><U6/><E6/><V28/><F28/><W96/><AGARI ba="1,0" hai="4,7,92,96,100,113,114,115" m="5642,19978" machi="96" ten="40,8000,1" yaku="15,1,52,3" doraHai="9" who="3" fromWho="3" sc="183,-41,119,-21,373,-21,325,83" /><INIT seed="5,0,0,4,0,103" ten="142,98,352,408" oya="1" hai0="6,82,72,117,17,119,89,13,29,116,3,27,132" hai1="100,61,26,35,59,127,67,0,121,91,102,124,28" hai2="12,134,83,58,110,105,7,108,43,25,57,45,60" hai3="39,42,40,11,90,37,87,129,52,34,30,10,104"/><U133/><E121/><V47/><F105/><W96/><G34/><N who="0" m="20799" /><D89/><U75/><E0/><V78/><F134/><W112/><G37/><T32/><D82/><U86/><E75/><V22/><F12/><W125/><G39/><T44/><D44/><U123/><E123/><V55/><F7/><W2/><G10/><N who="0" m="2399" /><D72/><U120/><E120/><V73/><F57/><W46/><G30/><T135/><D32/><U19/><E19/><V128/><F47/><W98/><G98/><T111/><D111/><U18/><E18/><V107/><F107/><W94/><G46/><T23/><AGARI ba="0,0" hai="13,17,23,116,117,119,132,135" m="2399,20799" machi="23" ten="40,5200,0" yaku="24,1,34,2" doraHai="103" who="0" fromWho="0" sc="142,52,98,-26,352,-13,408,-13" /><INIT seed="6,0,0,2,4,5" ten="194,72,339,395" oya="2" hai0="111,102,13,62,106,133,8,65,88,25,37,39,70" hai1="9,68,131,107,74,60,2,112,135,7,42,84,44" hai2="27,122,43,86,34,95,83,45,76,91,17,23,63" hai3="49,79,3,33,40,115,134,54,103,80,61,35,126"/><V92/><F122/><W69/><G3/><T66/><D111/><U46/><E131/><V132/><F132/><W20/><G40/><T53/><D133/><U105/><E135/><V59/><F34/><W109/><G109/><T30/><D65/><U124/><E124/><V130/><F130/><W71/><G134/><T116/><D116/><U100/><E112/><V29/><F29/><W6/><G6/><T51/><D88/><U52/><E74/><V73/><F73/><W98/><G69/><T119/><D119/><U18/><E100/><V48/><REACH who="2" step="1"/><F76/><REACH who="2" ten="194,72,329,395" step="2"/><W12/><G33/><T114/><D30/><U81/><E68/><V4/><F4/><W24/><G35/><T72/><D72/><U31/><E31/><V22/><F22/><W104/><G20/><T11/><D70/><U16/><E18/><V77/><F77/><W101/><G79/><T99/><D114/><U90/><E16/><V55/><AGARI ba="0,1" hai="17,23,27,43,45,48,55,59,63,83,86,91,92,95" machi="55" ten="20,7800,0" yaku="1,1,0,1,7,1,8,1,53,0" doraHai="5" doraHaiUra="10" who="2" fromWho="2" sc="194,-26,72,-26,329,88,395,-26" /><INIT seed="6,1,0,2,0,8" ten="168,46,417,369" oya="2" hai0="72,106,22,88,19,45,38,85,120,15,86,92,124" hai1="62,131,31,83,64,40,119,132,1,42,135,122,21" hai2="127,102,130,94,109,10,53,73,61,89,103,128,84" hai3="51,117,100,68,18,113,54,65,115,67,25,35,57"/><V12/><F73/><W129/><G100/><T69/><D120/><U3/><E119/><V28/><F127/><W125/><G35/><T20/><D72/><U43/><E122/><V7/><F109/><W39/><G25/><T36/><D69/><U37/><E37/><V87/><F28/><W66/><G18/><T13/><D106/><U34/><E34/><V56/><REACH who="2" step="1"/><F87/><REACH who="2" ten="168,46,407,369" step="2"/><W52/><G125/><T16/><D124/><U11/><E131/><AGARI ba="1,1" hai="7,10,12,53,56,61,84,89,94,102,103,128,130,131" machi="131" ten="40,12000,1" yaku="1,1,2,1,19,1,52,1,53,1" doraHai="8" doraHaiUra="48" who="2" fromWho="1" sc="168,0,46,-123,407,133,369,0" owari="168,-23.0,-77,-58.0,540,64.0,369,17.0" /></mjloggm>
