<mjloggm ver="2.3"><GO type="169"/><UN n0="%E5%8F%8D%E9%99%BD%E5%AD%90%E3%81%95%E3%82%93" n1="%41%53%41%50%49%4E" n2="%E3%81%A7%E3%81%93%E3%81%98" n3="%E3%83%87%E3%82%B8%E3%82%BF%E3%83%AB%E4%BB%99%E4%BA%BA" dan="16,17,17,17" rate="2121,2181,2185,2177" sx="M,M,M,F"/><TAIKYOKU oya="0"/><INIT seed="0,0,0,3,3,20" ten="250,250,250,250" oya="0" hai0="34,11,120,19,83,79,69,12,1,99,128,85,73" hai1="57,27,17,119,14,134,126,44,117,68,114,82,109" hai2="78,93,90,48,100,41,40,81,60,53,92,75,98" hai3="6,104,127,88,87,35,65,135,97,122,25,5,121"/><T77/><D120/><N who="3" m="46185" /><G135/><T86/><D69/><U74/><E74/><V106/><F60/><W107/><G65/><T47/><D34/><U111/><E68/><V0/><F0/><W133/><G133/><T24/><D128/><U89/><E134/><V91/><F93/><N who="3" m="54431" /><G127/><T15/><D1/><U115/><E126/><V36/><F36/><W80/><G80/><T118/><D118/><N who="1" m="45067" /><E44/><V55/><F91/><W3/><G3/><T132/><D132/><U2/><E57/><V64/><F64/><W7/><G97/><T22/><D15/><U94/><E82/><V39/><F39/><W50/><G50/><T112/><D112/><N who="1" m="43051" /><E2/><V113/><F113/><W131/><G131/><T31/><D79/><U30/><E94/><V13/><F13/><W16/><G35/><T123/><D123/><U4/><E4/><V124/><F124/><W18/><G18/><T8/><D99/><U108/><E89/><V38/><F38/><W103/><G103/><T110/><D73/><U67/><E67/><V9/><F9/><W66/><G66/><T96/><D11/><N who="1" m="6367" /><E108/><V54/><REACH who="2" step="1"/><F48/><REACH who="2" ten="250,250,240,250" step="2"/><W76/><G76/><T116/><D116/><U28/><E28/><V102/><F102/><W45/><G45/><T49/><D77/><U62/><E62/><V51/><F51/><W130/><G130/><T125/><D125/><U42/><E42/><V129/><F129/><W33/><G107/><T63/><D47/><U46/><E46/><V21/><F21/><AGARI ba="0,1" hai="21,27,30,109,111" m="6367,43051,45067" machi="21" ten="30,7700,0" yaku="11,1,34,2,52,1" doraHai="20" who="1" fromWho="2" sc="250,0,250,87,240,-77,250,0" /><INIT seed="1,0,0,5,0,24" ten="250,337,163,250" oya="1" hai0="70,98,74,55,63,107,81,113,129,97,7,122,5" hai1="67,79,93,105,65,15,37,85,49,27,112,90,29" hai2="46,78,124,60,101,103,95,14,132,34,126,109,94" hai3="4,68,88,35,77,118,130,31,53,91,87,20,62"/><U84/><E112/><V76/><F34/><W106/><G106/><T12/><D113/><U0/><E37/><V115/><F14/><W104/><G104/><T26/><D129/><U86/><E0/><V82/><F46/><W131/><G35/><T28/><D122/><U56/><E105/><V11/><F11/><W57/><G68/><T69/><D70/><U42/><E15/><V71/><F60/><W13/><G118/><T3/><D12/><U25/><E25/><V43/><F43/><W89/><G4/><T127/><D127/><N who="2" m="48682" /><F71/><W61/><G61/><T119/><D119/><U83/><E85/><N who="2" m="48327" /><F115/><W23/><G13/><T22/><D3/><U117/><E117/><V75/><F109/><W66/><G66/><T50/><D69/><U16/><E16/><V51/><F51/><W44/><G44/><T135/><D63/><U59/><E59/><V111/><F111/><W45/><G45/><T64/><D64/><U123/><E123/><V18/><F18/><W41/><G41/><T33/><D33/><U1/><E1/><V21/><F21/><W108/><G20/><T17/><D17/><U80/><E42/><V48/><F48/><W100/><G108/><T133/><D7/><U54/><REACH who="1" step="1"/><E80/><REACH who="1" ten="250,327,163,250" step="2"/><N who="2" m="45151" /><F132/><W39/><G39/><T38/><D38/><U58/><E58/><V96/><F94/><W2/><G2/><T47/><D5/><U36/><E36/><V110/><F110/><W128/><G57/><T116/><D116/><U114/><E114/><V73/><F73/><W10/><G131/><T8/><D133/><U99/><E99/><V30/><F103/><RYUUKYOKU ba="0,1" sc="250,-15,327,15,163,15,250,-15" hai1="27,29,49,54,56,65,67,79,83,84,86,90,93" hai2="30,95,96,101" /><INIT seed="1,1,1,3,2,32" ten="235,342,178,235" oya="1" hai0="55,45,74,79,99,0,92,60,75,3,31,51,62" hai1="50,46,110,52,58,118,126,98,87,8,124,97,12" hai2="6,1,112,28,117,48,109,114,106,5,35,40,119" hai3="68,22,23,43,57,125,69,16,44,47,13,9,89"/><U36/><E118/><V83/><F106/><W17/><G125/><N who="1" m="48234" /><E87/><V111/><F83/><W19/><G57/><T15/><D31/><U37/><E110/><N who="2" m="41995" /><F48/><W71/><G89/><T78/><D15/><U115/><E115/><N who="2" m="44075" /><F40/><W100/><G100/><T29/><D29/><U76/><E76/><V41/><F41/><W127/><G127/><T93/><D99/><N who="1" m="37899" /><E46/><V123/><F123/><W130/><G130/><T80/><D80/><U14/><E14/><V81/><F81/><W26/><REACH who="3" step="1"/><G43/><REACH who="3" ten="235,342,178,225" step="2"/><T38/><D38/><U135/><E135/><V96/><F96/><W34/><G34/><T95/><D45/><U129/><E129/><V90/><F90/><W122/><G122/><T25/><D95/><U84/><E84/><V108/><F108/><W128/><G128/><T42/><D42/><U49/><E49/><V27/><F6/><AGARI ba="1,2" hai="6,8,12,36,37,50,52,58" m="37899,48234" machi="6" ten="30,2900,0" yaku="18,1,54,1" doraHai="32" who="1" fromWho="2" sc="235,0,342,52,178,-32,225,0" /><INIT seed="1,2,0,5,3,40" ten="235,394,146,225" oya="1" hai0="11,36,52,46,58,30,69,82,28,83,41,95,54" hai1="86,125,119,37,70,21,129,47,76,124,34,97,50" hai2="8,135,6,59,120,110,123,48,131,108,126,99,73" hai3="4,88,100,22,39,32,68,104,90,42,31,74,67"/><U78/><E119/><V35/><F73/><W26/><G74/><T57/><D69/><U56/><E34/><V107/><F35/><W20/><G4/><T9/><D95/><U92/><E70/><V29/><F29/><W84/><G90/><T103/><D103/><U81/><E129/><V72/><F72/><W133/><G133/><T134/><D134/><U127/><E37/><V109/><F135/><W91/><G91/><T111/><D111/><U113/><E113/><V75/><F75/><W23/><G67/><T2/><D36/><U116/><E116/><V80/><F80/><W118/><G68/><T85/><D41/><U98/><E56/><V13/><F131/><W114/><G118/><T15/><D2/><U89/><E21/><V10/><F126/><W102/><G114/><T79/><D85/><N who="1" m="48311" /><E76/><V7/><F99/><W27/><G104/><T25/><D79/><U16/><E16/><V5/><F107/><W18/><G23/><T94/><D94/><U63/><E63/><V66/><F66/><W53/><G32/><T117/><D117/><U14/><E14/><V43/><F59/><W71/><G71/><T128/><D128/><U93/><E93/><V115/><F115/><W77/><G77/><T55/><D15/><U101/><E101/><V65/><F65/><W105/><G105/><T112/><D112/><U3/><E3/><N who="2" m="63" /><F6/><W122/><G39/><T106/><D106/><U60/><E60/><V44/><AGARI ba="2,0" hai="7,10,13,43,44,48,108,109,110,120,123" m="63" machi="44" ten="40,2700,0" yaku="14,1,52,1" doraHai="40" who="2" fromWho="2" sc="235,-9,394,-15,146,33,225,-9" /><INIT seed="2,0,0,3,4,80" ten="226,379,179,216" oya="2" hai0="117,10,35,93,26,68,88,44,90,4,115,81,129" hai1="51,118,53,15,47,126,56,120,110,58,46,3,87" hai2="25,43,33,132,112,99,89,109,0,107,62,65,100" hai3="114,135,101,42,79,39,67,85,111,1,50,128,36"/><V37/><F112/><W92/><G114/><T123/><D115/><U8/><E118/><V106/><F0/><W116/><G116/><T5/><D117/><U13/><E110/><V18/><F132/><W103/><G111/><T12/><D123/><U69/><E69/><V54/><F109/><W60/><G1/><T119/><D119/><U2/><E120/><V48/><F107/><W78/><G135/><T72/><D68/><U70/><E70/><N who="2" m="42295" /><F89/><W94/><G39/><T121/><D121/><U71/><E126/><V63/><F63/><W19/><G36/><T28/><D129/><U95/><E71/><V7/><F7/><W130/><G19/><T76/><D44/><N who="1" m="16939" /><E2/><V98/><F98/><W21/><G130/><T124/><D124/><U127/><E3/><V27/><F43/><W122/><G42/><T74/><D90/><N who="1" m="53727" /><E127/><V9/><F37/><W17/><G122/><T55/><D55/><N who="1" m="31871" /><E8/><V14/><F33/><W73/><G128/><T23/><D35/><U45/><N who="1" m="16947" /><AGARI ba="0,0" hai="9,14,18,25,27,45,48,54,99,100,106" m="42295" machi="45" ten="30,1500,0" yaku="3,1" doraHai="80" who="2" fromWho="1" sc="226,0,379,-15,179,15,216,0" /><INIT seed="2,1,0,0,3,82" ten="226,364,194,216" oya="2" hai0="40,63,57,61,19,30,6,22,52,4,62,50,86" hai1="112,114,83,88,16,78,125,1,10,31,135,32,48" hai2="122,35,75,94,100,28,46,47,58,106,93,110,121" hai3="72,17,2,27,70,111,101,13,21,123,120,98,55"/><V102/><F75/><W39/><G72/><T7/><D30/><U33/><E135/><V38/><F58/><W90/><G2/><T43/><REACH who="0" step="1"/><D86/><REACH who="0" ten="216,364,194,216" step="2"/><U115/><E31/><V74/><F28/><W113/><G123/><T44/><D44/><U60/><E115/><V73/><F35/><W49/><G113/><T0/><D0/><U109/><E1/><V76/><F110/><W14/><G111/><T126/><D126/><U36/><E125/><V77/><REACH who="2" step="1"/><F38/><REACH who="2" ten="216,364,184,216" step="2"/><W79/><G39/><T54/><D54/><U117/><E36/><V8/><F8/><W42/><G55/><T95/><D95/><U45/><E109/><V129/><F129/><W66/><G120/><T96/><D96/><U5/><E10/><V87/><F87/><W99/><G98/><T108/><D108/><U59/><E33/><V11/><F11/><W134/><G99/><T68/><D68/><U97/><E32/><V133/><F133/><W130/><G134/><T81/><D81/><U127/><E83/><V18/><F18/><W105/><G17/><T85/><D85/><U118/><E16/><V23/><F23/><W25/><G21/><T92/><D92/><U26/><E97/><V103/><F103/><W41/><G101/><T37/><D37/><U84/><E112/><V20/><F20/><W91/><G130/><T128/><D128/><U3/><E114/><V56/><F56/><W107/><G70/><T116/><D116/><U80/><E118/><V64/><F64/><W15/><G66/><T104/><D104/><AGARI ba="1,2" hai="46,47,73,74,76,77,93,94,100,102,104,106,121,122" machi="104" ten="25,4800,0" yaku="1,1,22,2,53,0" doraHai="82" doraHaiUra="51" who="2" fromWho="0" sc="216,-51,364,0,184,71,216,0" /><INIT seed="2,2,0,0,4,18" ten="165,364,255,216" oya="2" hai0="122,4,90,55,64,76,51,24,106,48,22,26,53" hai1="56,19,63,125,40,83,112,120,134,79,98,113,102" hai2="89,6,62,128,87,73,78,42,61,70,46,50,11" hai3="72,21,119,23,130,94,37,7,68,123,36,43,109"/><V35/><F35/><W116/><G123/><T14/><D122/><U95/><E134/><V105/><F105/><W84/><G72/><T58/><D106/><U39/><E125/><V103/><F103/><W60/><G7/><T82/><D64/><U34/><E34/><V2/><F128/><W121/><G130/><T28/><D90/><U129/><E129/><V96/><F70/><W81/><G121/><T100/><D100/><U12/><E120/><V133/><F133/><W88/><G109/><T69/><D69/><U85/><E40/><V10/><F10/><W31/><G31/><T91/><D91/><U25/><E25/><V86/><F96/><W29/><G29/><T16/><D4/><U5/><E39/><V13/><F2/><W97/><G37/><T44/><REACH who="0" step="1"/><D28/><REACH who="0" ten="155,364,255,216" step="2"/><U59/><E5/><V67/><F67/><W41/><G68/><T20/><D20/><U80/><E102/><V135/><F135/><W127/><G21/><T108/><D108/><U33/><E33/><V65/><F65/><W30/><G23/><T99/><D99/><U1/><E98/><V0/><F0/><W110/><G30/><T71/><D71/><U15/><E1/><V8/><F8/><W66/><G110/><T132/><D132/><U27/><E113/><V32/><F32/><W45/><G97/><T124/><D124/><U131/><E112/><V93/><F73/><AGARI ba="2,1" hai="14,16,22,24,26,44,48,51,53,55,58,73,76,82" machi="73" ten="30,7700,0" yaku="1,1,7,1,52,1,54,1,53,0" doraHai="18" doraHaiUra="126" who="0" fromWho="2" sc="155,93,364,0,255,-83,216,0" /><INIT seed="3,0,0,3,1,53" ten="248,364,172,216" oya="3" hai0="134,12,20,37,129,52,113,4,90,16,78,83,34" hai1="45,104,19,125,62,28,91,122,99,132,89,3,47" hai2="35,92,133,36,66,77,111,14,84,42,69,63,48" hai3="120,51,130,80,67,21,94,86,135,97,93,38,76"/><W31/><G38/><T85/><D37/><U88/><E122/><V68/><F35/><W101/><G120/><T100/><D34/><U18/><E3/><V117/><F117/><W81/><G135/><T119/><D119/><U98/><E132/><V8/><F133/><W44/><G130/><T13/><D134/><U54/><E125/><V41/><F111/><W110/><G110/><T72/><D129/><U131/><E131/><V43/><F36/><W116/><G116/><T74/><D113/><U112/><E28/><V32/><F32/><W95/><G67/><T29/><D29/><U71/><E112/><V25/><F25/><W115/><G81/><T118/><D118/><U49/><E104/><V126/><F126/><W57/><G115/><T60/><D100/><U15/><E19/><V5/><F69/><W33/><G33/><T96/><D96/><U123/><E123/><V56/><F68/><W22/><G57/><T17/><D4/><U79/><E79/><V39/><F39/><W55/><REACH who="3" step="1"/><G31/><REACH who="3" ten="248,364,172,206" step="2"/><T124/><D124/><U24/><E71/><V6/><F48/><W73/><G73/><T40/><D74/><U121/><E121/><V128/><F128/><W108/><G108/><T87/><D72/><U102/><E49/><V75/><F75/><W70/><G70/><T105/><D83/><U64/><E64/><V10/><F77/><W65/><G65/><T27/><D78/><U23/><E62/><V7/><REACH who="2" step="1"/><F14/><REACH who="2" ten="248,364,162,206" step="2"/><W30/><G30/><N who="0" m="17767" /><D13/><U26/><E15/><V9/><F9/><W11/><G11/><T109/><D12/><U106/><E26/><RYUUKYOKU ba="0,2" sc="248,-15,364,-15,162,15,206,15" hai2="5,6,7,8,10,41,42,43,56,63,66,84,92" hai3="21,22,44,51,55,76,80,86,93,94,95,97,101" /><INIT seed="3,1,2,1,3,35" ten="233,349,177,221" oya="3" hai0="56,4,62,96,64,0,63,135,5,49,46,34,125" hai1="129,117,59,31,66,103,121,133,26,127,36,123,67" hai2="20,112,65,76,107,91,27,82,42,2,15,32,113" hai3="109,50,88,39,111,114,16,43,104,69,61,119,57"/><W78/><G119/><T37/><D34/><U53/><E36/><V8/><F107/><W38/><G114/><T18/><D37/><U80/><E117/><V40/><F65/><W79/><G104/><T58/><D135/><U89/><E129/><V128/><F128/><W19/><G69/><T105/><D125/><U7/><E127/><V68/><F68/><W75/><G50/><T71/><D71/><U85/><E133/><V11/><F91/><W52/><G39/><T14/><D0/><U17/><E103/><V41/><F32/><W21/><G43/><N who="0" m="24799" /><D96/><U45/><E45/><V87/><F2/><W54/><G54/><N who="0" m="34071" /><D105/><U9/><E17/><V51/><F51/><W97/><G38/><T22/><AGARI ba="1,2" hai="4,5,14,18,22,58,63,64" m="34071,24799" machi="22" ten="30,1100,0" yaku="8,1" doraHai="35" who="0" fromWho="0" sc="233,34,349,-4,177,-4,221,-6" /><INIT seed="4,0,0,1,5,28" ten="267,345,173,215" oya="0" hai0="68,38,79,115,45,49,37,134,0,94,54,9,47" hai1="110,131,8,61,82,81,48,108,133,129,100,72,124" hai2="25,29,92,99,114,70,12,125,128,78,103,51,34" hai3="112,65,63,83,111,10,33,39,56,15,107,71,5"/><T91/><D68/><U66/><E133/><V44/><F114/><W55/><G112/><T75/><D115/><U57/><E124/><V135/><F135/><W116/><G116/><T31/><D134/><U96/><E8/><V121/><F125/><W59/><G111/><N who="1" m="42538" /><E48/><V113/><F113/><W80/><G39/><T14/><D0/><U77/><E77/><V23/><F121/><W132/><G107/><T86/><D79/><U127/><E72/><V53/><F128/><N who="1" m="49225" /><E127/><V4/><F70/><W17/><G71/><T11/><D75/><U104/><AGARI ba="0,0" hai="57,61,66,81,82,96,100,104" m="49225,42538" machi="104" ten="30,1100,0" yaku="19,1" doraHai="28" who="1" fromWho="1" sc="267,-5,345,11,173,-3,215,-3" /><INIT seed="5,0,0,5,2,77" ten="262,356,170,212" oya="1" hai0="19,74,45,116,67,20,33,112,134,56,7,31,21" hai1="0,25,28,42,107,127,1,81,5,68,30,71,6" hai2="39,85,61,47,115,89,48,126,86,103,110,9,14" hai3="123,17,84,50,8,108,2,57,38,109,125,13,106"/><U62/><E107/><V32/><F110/><W96/><G38/><T51/><D116/><U124/><E42/><V55/><F32/><W120/><G2/><T119/><D119/><U59/><E59/><V40/><F126/><W15/><G125/><T46/><D74/><U54/><E62/><V64/><F115/><W114/><G114/><T83/><D112/><U73/><E25/><V34/><F34/><W58/><G106/><T35/><D7/><U113/><E113/><V65/><F103/><W72/><G72/><T41/><D134/><U66/><E73/><V121/><F121/><W90/><G96/><T91/><D46/><U22/><E22/><V94/><F85/><W129/><G129/><T100/><D100/><U80/><E54/><V130/><F130/><W88/><G50/><T43/><D43/><U49/><E49/><V132/><F132/><W104/><G104/><T69/><D69/><U79/><E79/><V99/><F99/><W37/><G84/><T29/><D35/><U105/><E105/><V128/><F61/><W98/><G98/><T10/><D33/><U24/><E24/><V133/><F133/><W97/><G97/><T122/><D122/><U95/><E95/><V63/><F128/><W27/><G27/><T111/><D111/><U82/><E82/><V52/><F39/><W101/><G37/><T118/><D118/><U102/><E102/><V60/><F60/><W3/><G101/><T75/><D75/><U70/><E70/><N who="2" m="42271" /><F65/><AGARI ba="0,0" hai="0,1,5,6,28,30,65,66,68,71,80,81,124,127" machi="65" ten="25,9600,0" yaku="22,2,52,2" doraHai="77" who="1" fromWho="2" sc="262,0,356,96,170,-96,212,0" /><INIT seed="5,1,0,3,0,100" ten="262,452,74,212" oya="1" hai0="85,18,21,57,112,39,81,71,123,60,13,89,17" hai1="41,3,11,47,99,37,98,114,70,54,9,117,102" hai2="87,24,25,135,12,64,82,38,120,75,5,79,52" hai3="74,68,66,104,107,80,51,118,56,0,14,116,88"/><U86/><E117/><N who="3" m="45162" /><G0/><T40/><D71/><U95/><E70/><V55/><F120/><W32/><G32/><T101/><D123/><U35/><E35/><V6/><F38/><W132/><G132/><T16/><D112/><U46/><E114/><V1/><F135/><W15/><G68/><T90/><D39/><U44/><E86/><V130/><F130/><W111/><G111/><T45/><D40/><U121/><E121/><V126/><F126/><W106/><G51/><T20/><D45/><U119/><E119/><V2/><F64/><W122/><G122/><T63/><D18/><U58/><E47/><V92/><F75/><W43/><G43/><T28/><D28/><U22/><E46/><V93/><F12/><W65/><G88/><N who="0" m="51247" /><D101/><U103/><E22/><V61/><F87/><W96/><G96/><T78/><D78/><U42/><E3/><V129/><F129/><W133/><G133/><T23/><D23/><U67/><E67/><N who="3" m="25610" /><G56/><T124/><D124/><U48/><REACH who="1" step="1"/><E42/><REACH who="1" ten="262,442,74,212" step="2"/><V76/><REACH who="2" step="1"/><F82/><REACH who="2" ten="262,442,64,212" step="2"/><W128/><G128/><T50/><D57/><U72/><E72/><V97/><F97/><W26/><G80/><T59/><D59/><U113/><E113/><V110/><F110/><W36/><G74/><T125/><D125/><U91/><E91/><V53/><F53/><W29/><G36/><T94/><D90/><U83/><E83/><V109/><F109/><W73/><G73/><T10/><D89/><U34/><E34/><V49/><F49/><W33/><AGARI ba="1,2" hai="14,15,26,29,33,104,106,107" m="25610,45162" machi="33" ten="40,8000,1" yaku="12,1,52,3" doraHai="100" who="3" fromWho="3" sc="262,-21,442,-41,64,-21,212,103" /><INIT seed="6,0,0,2,0,85" ten="241,401,43,315" oya="2" hai0="98,62,39,32,127,37,12,104,109,92,122,15,67" hai1="25,81,50,97,53,132,34,96,118,114,42,63,54" hai2="0,30,33,11,65,29,123,94,128,83,135,129,134" hai3="44,14,88,5,60,120,68,90,87,3,20,103,125"/><V73/><F123/><W108/><G120/><T27/><D122/><U75/><E118/><V36/><F65/><W119/><G108/><T28/><D109/><U2/><E2/><V51/><F36/><W112/><G119/><T95/><D127/><U21/><E34/><V66/><F66/><W46/><G125/><T10/><D15/><U17/><E114/><V24/><F51/><W71/><G3/><T23/><D95/><U61/><E132/><N who="2" m="50731" /><F30/><W78/><G103/><T48/><D48/><U8/><E75/><V86/><F94/><W49/><G112/><T117/><D117/><U47/><E81/><V76/><F86/><W1/><G1/><T102/><D32/><U59/><E8/><V70/><F70/><W16/><G5/><AGARI ba="0,0" hai="0,5,11,24,29,33,73,76,83,128,129" m="50731" machi="5" ten="30,2900,0" yaku="20,1,23,1" doraHai="85" who="2" fromWho="3" sc="241,0,401,0,43,29,315,-29" /><INIT seed="6,1,0,2,4,46" ten="241,401,72,286" oya="2" hai0="132,55,56,2,60,54,122,90,108,85,15,7,1" hai1="124,75,129,36,82,52,96,88,74,26,66,42,10" hai2="23,93,57,32,50,76,78,102,110,58,91,44,123" hai3="6,89,18,40,77,47,100,33,21,27,117,105,92"/><V97/><F123/><W28/><G117/><T3/><D122/><U70/><E42/><V113/><F32/><W121/><G121/><T131/><D108/><U8/><E36/><V104/><F110/><W12/><G77/><T13/><D131/><U20/><E129/><V94/><F113/><W119/><G119/><T86/><D132/><U134/><E134/><V135/><F135/><W73/><G73/><T72/><D72/><U125/><E74/><V38/><F38/><W62/><G62/><T25/><D25/><U114/><E114/><V127/><F127/><N who="1" m="48713" /><E66/><V29/><F29/><W14/><G100/><T120/><D120/><U109/><E70/><V64/><F23/><W35/><G105/><T30/><D30/><U59/><E75/><V126/><F126/><W48/><G6/><T11/><D15/><U5/><E5/><V98/><F104/><W19/><G35/><T133/><D133/><U95/><E82/><V103/><F91/><W84/><G19/><T4/><D55/><U67/><E67/><V118/><F118/><W130/><G130/><T49/><D60/><N who="1" m="35943" /><E109/><V68/><F68/><W101/><G101/><T80/><REACH who="0" step="1"/><D86/><REACH who="0" ten="231,401,72,286" step="2"/><U81/><E26/><AGARI ba="1,1" hai="12,14,18,21,26,27,28,33,40,47,48,84,89,92" machi="26" ten="30,2000,0" yaku="7,1,52,1" doraHai="46" who="3" fromWho="1" sc="231,0,401,-23,72,0,286,33" /><INIT seed="7,0,0,1,2,45" ten="231,378,72,319" oya="3" hai0="29,28,107,9,26,66,40,65,24,34,131,1,50" hai1="129,82,37,96,5,73,104,44,128,33,123,92,109" hai2="87,91,124,11,51,125,13,89,53,83,120,70,41" hai3="119,114,90,105,18,25,135,27,108,21,30,94,88"/><W72/><G119/><T110/><D107/><U74/><E109/><V63/><F120/><W15/><G105/><T106/><D106/><U76/><E123/><V16/><F41/><W132/><G72/><T10/><D110/><U130/><E33/><V6/><F91/><W61/><G108/><T59/><D131/><U2/><E104/><V111/><F111/><W81/><G114/><T38/><D38/><U77/><E44/><V43/><F43/><W86/><G61/><T64/><D40/><U67/><E37/><V93/><F93/><W48/><G48/><T69/><D69/><U71/><E67/><V126/><F63/><W32/><REACH who="3" step="1"/><G27/><REACH who="3" ten="231,378,72,309" step="2"/><T127/><D127/><U121/><E121/><V113/><F113/><W55/><G55/><T22/><REACH who="0" step="1"/><D1/><REACH who="0" ten="221,378,72,309" step="2"/><U118/><E118/><V98/><F70/><W97/><AGARI ba="0,2" hai="15,18,21,25,30,32,81,86,88,90,94,97,132,135" machi="97" ten="30,6000,0" yaku="1,1,0,1,54,1,53,0" doraHai="45" doraHaiUra="47" who="3" fromWho="3" sc="221,-20,378,-20,72,-20,309,80" owari="201,-20.0,358,16.0,52,-45.0,389,49.0" /></mjloggm>
