<mjloggm ver="2.3"><GO type="169" lobby="0"/><UN n0="%E5%BF%83%E6%BB%85%E7%8D%A3%E8%BA%AB" n1="%43%4C%53" n2="%64%72%61%65%74%63" n3="%E5%9B%BA%E3%82%86%E3%81%A7%E5%8D%B5" dan="17,20,16,16" rate="2195.27,2344.65,2116.05,2115.46" sx="M,M,M,M"/><TAIKYOKU oya="0"/><INIT seed="0,0,0,2,4,39" ten="250,250,250,250" oya="0" hai0="132,44,0,114,85,86,79,13,126,7,76,10,99" hai1="73,53,84,103,125,55,17,120,66,19,3,75,80" hai2="6,9,54,111,91,26,95,82,57,49,12,87,92" hai3="46,70,31,113,96,34,11,20,107,71,81,60,35"/><T69/><D69/><U78/><E120/><V115/><F111/><W15/><G113/><T50/><D114/><U1/><E66/><V2/><F115/><W30/><G81/><T98/><D132/><U74/><E103/><V102/><F2/><W124/><G124/><T22/><D0/><U45/><E125/><V43/><F102/><W29/><G20/><T40/><D126/><U33/><E33/><V72/><F72/><W62/><G46/><T18/><D85/><U77/><E84/><V135/><F135/><W123/><G30/><T83/><REACH who="0" step="1"/><D76/><REACH who="0" ten="240,250,250,250" step="2"/><U105/><E74/><V63/><REACH who="2" step="1"/><F26/><REACH who="2" ten="240,250,240,250" step="2"/><W106/><G123/><T27/><AGARI ba="0,2" hai="7,10,13,18,22,27,40,44,50,79,83,86,98,99" machi="27" ten="20,24000,3" yaku="1,1,2,1,0,1,7,1,25,2,8,1,52,1,53,0" doraHai="39" doraHaiUra="127" who="0" fromWho="0" sc="240,260,250,-80,240,-80,250,-80" /><INIT seed="0,1,0,5,4,89" ten="500,170,160,170" oya="0" hai0="15,108,6,131,126,98,17,74,13,14,7,3,79" hai1="46,121,20,91,50,9,122,34,65,36,95,118,94" hai2="25,71,24,103,104,115,88,97,44,81,16,29,70" hai3="90,123,10,31,100,5,117,102,133,21,42,22,112"/><T110/><D79/><U57/><E118/><V99/><F115/><W87/><G117/><T56/><D74/><U55/><E34/><V23/><F44/><W114/><G123/><T47/><D47/><U35/><E35/><V113/><F113/><W64/><G133/><T37/><D37/><U116/><E116/><V93/><F81/><W105/><G42/><T49/><D131/><U59/><E122/><V86/><F99/><W45/><G45/><T1/><D98/><U53/><E121/><V96/><F97/><W43/><G43/><T66/><D49/><U67/><E9/><V11/><F11/><W109/><G64/><T52/><D66/><U111/><E111/><N who="0" m="42537" /><D126/><U58/><E20/><AGARI ba="1,0" hai="16,20,23,24,25,29,70,71,86,88,93,96,103,104" machi="20" ten="30,7700,0" yaku="7,1,52,1,54,2" doraHai="89" who="2" fromWho="1" sc="500,0,170,-80,160,80,170,0" /><INIT seed="1,0,0,3,4,74" ten="500,90,240,170" oya="1" hai0="39,14,23,109,58,60,4,15,24,38,79,72,7" hai1="28,126,65,62,56,106,101,59,37,114,112,1,103" hai2="33,5,27,88,125,42,97,51,31,3,77,117,116" hai3="124,35,67,131,100,43,2,107,32,41,30,120,55"/><U44/><E1/><V121/><F121/><W25/><G120/><T70/><D70/><U9/><E9/><V45/><F125/><W104/><G124/><T96/><D109/><U50/><E126/><V18/><F18/><W84/><G131/><T26/><D96/><U61/><E37/><V66/><F66/><W130/><G130/><T69/><D69/><U134/><E134/><V80/><F5/><W91/><G2/><T22/><D72/><U46/><E28/><V133/><F3/><W29/><G55/><T73/><D73/><U47/><E50/><V52/><F42/><W110/><G110/><T78/><D58/><U64/><REACH who="1" step="1"/><E106/><REACH who="1" ten="500,80,240,170" step="2"/><V127/><F133/><W17/><G107/><T111/><D111/><U118/><E118/><V94/><F127/><W11/><G30/><T89/><D60/><U68/><E68/><V21/><F33/><W95/><G35/><T8/><D8/><U75/><E75/><AGARI ba="0,1" hai="21,27,31,45,51,52,75,77,80,88,94,97,116,117" machi="75" ten="30,7700,0" yaku="7,1,52,1,54,2" doraHai="74" who="2" fromWho="1" sc="500,0,80,-77,240,87,170,0" /><INIT seed="2,0,0,1,5,115" ten="500,3,327,170" oya="2" hai0="108,56,121,64,65,50,49,40,70,43,35,135,62" hai1="132,4,36,96,13,45,51,107,114,79,102,68,2" hai2="33,87,19,105,54,31,25,119,8,134,58,27,52" hai3="28,112,32,59,120,78,117,111,103,61,101,124,63"/><V6/><F105/><W109/><G112/><T127/><D35/><U11/><E114/><V77/><F134/><W30/><G120/><T94/><D94/><U66/><E132/><V7/><F119/><W3/><G3/><T23/><D23/><U123/><E123/><V18/><F54/><W29/><G32/><T128/><D135/><U75/><E36/><V41/><F41/><N who="0" m="15946" /><D121/><U91/><E68/><V126/><F126/><W10/><G117/><T42/><D127/><U86/><E66/><V74/><F74/><W1/><G78/><T38/><D108/><N who="3" m="41545" /><G124/><T116/><D128/><U131/><E131/><V118/><F118/><W113/><G113/><T47/><D116/><U98/><E98/><V89/><F77/><W53/><G63/><AGARI ba="0,0" hai="38,42,47,49,50,56,62,63,64,65,70" m="15946" machi="63" ten="30,8000,1" yaku="35,5" doraHai="115" who="0" fromWho="3" sc="500,80,3,0,327,0,170,-80" /><INIT seed="3,0,0,1,1,115" ten="580,3,327,90" oya="3" hai0="34,84,10,108,60,7,114,88,123,127,103,65,109" hai1="28,97,25,102,1,120,134,16,57,74,89,26,79" hai2="9,21,31,53,17,5,94,0,69,67,124,133,22" hai3="14,61,82,38,44,121,62,70,76,27,105,36,126"/><W8/><G121/><T87/><D123/><U33/><E120/><V112/><F112/><W129/><G126/><T93/><D34/><U75/><E1/><V80/><F124/><W81/><G129/><T96/><D127/><U47/><E79/><V4/><F133/><W15/><G105/><T2/><D114/><U86/><E134/><V113/><F5/><W101/><G101/><T73/><D73/><U41/><E57/><V125/><F69/><W32/><G70/><T119/><D119/><U48/><E25/><V77/><F67/><W40/><G36/><T6/><D6/><U99/><E99/><V46/><F31/><W91/><G91/><T135/><D135/><U19/><E74/><V30/><F30/><W83/><G76/><T18/><D18/><U63/><E63/><V35/><F35/><W11/><G27/><T49/><D49/><U85/><E85/><V104/><F104/><W37/><G32/><T64/><D64/><U50/><E50/><V72/><F94/><W110/><G110/><N who="0" m="42603" /><D103/><U71/><E75/><V23/><F113/><W95/><G95/><T100/><D100/><U13/><E71/><AGARI ba="0,0" hai="2,7,10,60,65,71,84,87,88,93,96" m="42603" machi="71" ten="30,2000,0" yaku="14,1,54,1" doraHai="115" who="0" fromWho="1" sc="580,20,3,-20,327,0,90,0" owari="600,70.0,-17,-52.0,327,13.0,90,-31.0" /></mjloggm>
