<mjloggm ver="2.3"><GO type="169" lobby="0"/><UN n0="%E3%81%A9%E3%82%89%E3%81%94" n1="%E3%81%82%E3%82%84%E3%81%AE%E3%81%A1%E3%82%83%E3%82%93%56" n2="%43%4C%53" n3="%E5%9C%A7%E5%80%92%E7%9A%84%E6%94%BE%E9%8A%83" dan="16,17,18,16" rate="2117.14,2218.32,2190.53,2102.81" sx="M,M,M,M"/><TAIKYOKU oya="0"/><INIT seed="0,0,0,5,1,31" ten="250,250,250,250" oya="0" hai0="30,87,117,22,83,39,126,5,88,47,80,20,42" hai1="12,84,85,98,34,44,2,118,24,19,33,100,59" hai2="9,28,104,109,74,18,41,91,56,14,64,45,21" hai3="114,17,65,62,49,108,26,71,77,0,66,54,113"/><T81/><D117/><U130/><E118/><V15/><F109/><W75/><G0/><T6/><D126/><U16/><E2/><V48/><F104/><W25/><G25/><T32/><D32/><U120/><E120/><V11/><F74/><W38/><G75/><T121/><D121/><U132/><E132/><V122/><F122/><W131/><G77/><T70/><D70/><U1/><E1/><V69/><F69/><W60/><G17/><T96/><D96/><U10/><E130/><V124/><F124/><W123/><G26/><T110/><D110/><U111/><E111/><V128/><F128/><W67/><G108/><T125/><D125/><U135/><E135/><V50/><F91/><W37/><G123/><T107/><D107/><U119/><E119/><V7/><F28/><W13/><G13/><T53/><D53/><U133/><E133/><V36/><F21/><W76/><G76/><T72/><D30/><U58/><E44/><V94/><F94/><W51/><G131/><T105/><D105/><U82/><E84/><V103/><F103/><W106/><G106/><T43/><D43/><U93/><E19/><V35/><F35/><W78/><G78/><T89/><D72/><U115/><E115/><N who="3" m="44042" /><G71/><T79/><D79/><U92/><E92/><V134/><F134/><W102/><G102/><T127/><D127/><U40/><E40/><V61/><AGARI ba="0,0" hai="7,9,11,14,15,18,36,41,45,48,50,56,61,64" machi="61" ten="30,1100,0" yaku="0,1" doraHai="31" who="2" fromWho="2" sc="250,-5,250,-3,250,11,250,-3" /><INIT seed="1,0,0,5,0,51" ten="245,247,261,247" oya="1" hai0="10,27,18,87,15,116,66,43,86,23,12,32,114" hai1="69,13,67,106,52,64,79,60,97,54,120,101,56" hai2="123,3,4,99,110,0,14,88,127,80,31,95,38" hai3="126,35,124,30,90,115,75,100,29,134,25,82,49"/><U55/><E120/><V7/><F123/><W129/><G115/><T62/><D114/><U77/><REACH who="1" step="1"/><E13/><REACH who="1" ten="245,237,261,247" step="2"/><V40/><F14/><W36/><G126/><T109/><D15/><U108/><E108/><V21/><F110/><W19/><G124/><T76/><D109/><U117/><E117/><V96/><F127/><W65/><G129/><T104/><D116/><U130/><E130/><V131/><F131/><W81/><G134/><T37/><D12/><U84/><E84/><V6/><F0/><W112/><G112/><T26/><D86/><U59/><E59/><V121/><F3/><W16/><G75/><T28/><D87/><U58/><E58/><V118/><F121/><W2/><G2/><T47/><D10/><U5/><E5/><V44/><F118/><W8/><G8/><T50/><D104/><U78/><E78/><V17/><F4/><W9/><G9/><T41/><D76/><U98/><E98/><V1/><F1/><W122/><G122/><T63/><D37/><U83/><E83/><V93/><F80/><W46/><G82/><T89/><D32/><U103/><E103/><V73/><F73/><W132/><G100/><T135/><D135/><U22/><E22/><V85/><F85/><W107/><G132/><T74/><D74/><U72/><E72/><V70/><F7/><W133/><G107/><T20/><D20/><U61/><AGARI ba="0,1" hai="52,54,55,56,60,61,64,67,69,77,79,97,101,106" machi="61" ten="30,18000,2" yaku="1,1,0,1,52,3,54,1,53,0" doraHai="51" doraHaiUra="111" who="1" fromWho="1" sc="245,-60,237,190,261,-60,247,-60" /><INIT seed="1,1,0,3,5,49" ten="185,427,201,187" oya="1" hai0="42,54,121,5,45,73,30,33,103,39,51,12,0" hai1="110,1,93,80,119,134,13,88,132,6,19,46,105" hai2="92,21,117,118,22,74,112,38,20,56,2,111,131" hai3="29,4,69,67,23,115,133,113,86,10,135,27,43"/><U55/><E119/><V106/><F106/><W127/><G43/><T14/><D121/><U68/><E68/><V125/><F74/><W59/><G69/><T75/><D103/><U16/><E105/><V15/><F38/><W31/><G86/><T79/><D33/><U114/><E114/><V70/><F70/><W122/><G67/><T128/><D30/><N who="3" m="11273" /><G59/><T41/><D128/><U120/><E120/><V63/><F112/><N who="3" m="43083" /><G122/><T7/><D7/><U84/><E110/><V44/><F111/><W126/><G23/><T108/><D41/><U107/><E107/><V91/><F44/><W35/><G27/><T71/><D71/><U124/><E124/><N who="3" m="47658" /><G35/><T32/><D32/><U89/><E46/><V62/><F20/><W129/><G129/><T87/><D87/><U72/><E72/><V60/><F131/><W34/><G34/><T25/><D25/><U17/><E84/><V109/><F22/><W37/><G37/><T123/><D123/><U96/><E89/><V101/><F125/><W97/><G97/><T77/><D73/><U58/><E88/><V81/><F91/><W66/><G66/><T50/><D39/><U82/><E96/><V98/><F56/><W104/><G104/><T48/><D75/><U36/><E58/><V9/><F81/><W100/><G100/><T64/><D64/><U11/><E80/><V52/><F109/><W94/><G94/><T83/><D108/><U57/><E82/><V116/><F21/><W78/><G78/><N who="0" m="29707" /><D83/><U3/><E36/><V85/><F85/><W95/><G95/><T61/><D45/><U90/><E93/><RYUUKYOKU ba="1,0" sc="185,-10,427,-10,201,-10,187,30" hai3="4,10,133,135" /><INIT seed="2,2,0,3,1,61" ten="175,417,191,217" oya="2" hai0="55,23,81,8,104,56,111,32,0,116,89,11,7" hai1="78,46,126,93,99,79,45,130,125,37,17,21,20" hai2="50,39,117,53,5,60,48,27,47,109,118,72,31" hai3="75,29,69,122,92,113,82,96,26,70,124,38,76"/><V84/><F72/><W110/><G110/><T103/><D111/><U86/><E130/><V10/><F109/><W30/><G122/><T107/><D32/><U57/><E57/><V114/><F114/><W80/><G113/><T128/><D128/><U24/><E21/><V112/><F112/><W59/><G30/><T115/><D115/><U74/><E74/><V100/><F39/><W105/><G124/><N who="1" m="47722" /><E86/><V44/><F84/><W28/><G28/><T132/><D132/><U40/><E45/><V73/><F73/><W123/><G123/><T129/><D129/><U62/><E62/><V102/><F60/><W35/><G38/><T41/><D116/><U66/><E66/><V65/><F65/><W13/><G13/><T36/><D23/><U119/><E119/><V67/><F67/><W85/><G59/><T18/><D36/><U15/><E15/><V101/><F27/><W58/><G58/><T22/><D11/><U77/><E77/><V43/><REACH who="2" step="1"/><F31/><REACH who="2" ten="175,417,181,217" step="2"/><W4/><G85/><T87/><D87/><U83/><E83/><V6/><F6/><W42/><G4/><T2/><D7/><U135/><E135/><V25/><F25/><W106/><G82/><T9/><D81/><U131/><E131/><V12/><AGARI ba="2,1" hai="5,10,12,43,44,47,48,50,53,100,101,102,117,118" machi="12" ten="30,3000,0" yaku="1,1,0,1,53,0" doraHai="61" doraHaiUra="52" who="2" fromWho="2" sc="175,-12,417,-12,181,46,217,-12" /><INIT seed="2,3,0,5,5,130" ten="163,405,227,205" oya="2" hai0="44,34,8,31,85,7,74,123,62,88,61,47,21" hai1="38,109,23,19,64,51,41,129,16,0,17,11,42" hai2="101,70,48,9,86,126,98,40,103,105,115,69,57" hai3="131,81,106,26,37,120,52,94,80,97,32,127,35"/><V39/><F115/><W107/><G120/><T92/><D123/><U89/><E109/><V110/><F110/><W99/><G37/><T30/><D74/><U25/><E129/><V49/><F126/><W119/><G131/><T118/><D34/><U14/><E38/><V96/><F86/><W28/><G119/><T122/><D122/><U134/><E0/><V4/><F39/><W33/><G127/><T3/><D118/><U68/><E68/><V46/><F49/><W58/><G99/><T72/><D72/><U53/><E64/><V128/><F57/><W100/><G80/><T83/><D83/><U117/><E117/><V104/><REACH who="2" step="1"/><F128/><REACH who="2" ten="163,405,217,205" step="2"/><W102/><G81/><T15/><D47/><U91/><E51/><V65/><F65/><W121/><G121/><T56/><D44/><U2/><E42/><V73/><F73/><W36/><G36/><T1/><D61/><U116/><E41/><V113/><F113/><W77/><G58/><T60/><D62/><U63/><E63/><V18/><F18/><W114/><G114/><T124/><D124/><U24/><E16/><V13/><AGARI ba="3,1" hai="4,9,13,40,46,48,69,70,96,98,101,103,104,105" machi="13" ten="20,7800,0" yaku="1,1,0,1,7,1,9,1,53,0" doraHai="130" doraHaiUra="132" who="2" fromWho="2" sc="163,-29,405,-29,217,97,205,-29" /><INIT seed="2,4,0,2,0,16" ten="134,376,314,176" oya="2" hai0="84,33,29,59,128,111,108,105,80,28,43,69,89" hai1="90,112,123,13,132,56,115,31,102,20,17,91,54" hai2="7,39,3,114,8,15,62,121,125,126,78,41,51" hai3="4,2,88,50,107,47,99,55,44,26,9,37,60"/><V92/><F114/><W97/><G107/><T24/><D69/><U122/><E132/><V110/><F121/><N who="1" m="46089" /><E102/><V130/><F39/><W68/><G68/><T6/><D128/><U5/><E5/><V40/><F130/><W58/><G37/><T64/><D105/><U109/><E109/><V85/><F110/><W19/><G44/><T52/><D64/><U63/><E31/><V65/><F3/><W118/><G118/><T11/><D43/><U1/><E1/><V14/><F14/><W131/><G131/><T120/><D28/><U117/><E117/><V101/><F101/><W67/><G26/><T25/><D25/><U61/><E61/><V57/><F92/><W30/><G30/><T21/><D33/><U38/><E38/><V72/><F72/><W66/><G66/><T100/><D100/><U32/><E32/><V23/><F23/><W70/><G70/><T104/><D104/><U106/><E106/><V27/><F27/><W83/><REACH who="3" step="1"/><G19/><REACH who="3" ten="134,376,314,166" step="2"/><T46/><D46/><U71/><E71/><V0/><F65/><W82/><G82/><T135/><D120/><U113/><AGARI ba="4,1" hai="13,17,20,54,56,63,90,91,112,113,115" m="46089" machi="113" ten="40,2700,0" yaku="13,1,52,1" doraHai="16" who="1" fromWho="1" sc="134,-11,376,49,314,-17,166,-11" /><INIT seed="3,0,0,5,0,118" ten="123,425,297,155" oya="3" hai0="112,43,105,123,34,93,19,50,0,13,84,127,108" hai1="113,83,98,106,52,81,3,103,61,129,70,29,40" hai2="80,76,54,64,45,111,44,37,4,97,92,67,125" hai3="32,41,75,15,128,31,85,22,117,1,124,71,73"/><W66/><G117/><T47/><D108/><U48/><E113/><V27/><F111/><W20/><G1/><T38/><D127/><U114/><E114/><V23/><F125/><W6/><G32/><T109/><D109/><U96/><E3/><V86/><F4/><W72/><G124/><T18/><D112/><U120/><E120/><V7/><F7/><W110/><G41/><T90/><D0/><U59/><E129/><V55/><F37/><W82/><G110/><T2/><D2/><U91/><E29/><V78/><F78/><W17/><G128/><T94/><D105/><U14/><E14/><V88/><F45/><W56/><G71/><T51/><D34/><U36/><E96/><V77/><F77/><W133/><G6/><T79/><D79/><U46/><E91/><V5/><F5/><W26/><G133/><T122/><D93/><U42/><E42/><V95/><F95/><W33/><G33/><T101/><D101/><U132/><E132/><V135/><F135/><W119/><G119/><T69/><D69/><U53/><E53/><N who="2" m="19979" /><F44/><W68/><G68/><T100/><D100/><U63/><E63/><V74/><F74/><W134/><G134/><T60/><D60/><U25/><E25/><V58/><F58/><W115/><G115/><T104/><D104/><U9/><E9/><V99/><F99/><W24/><G24/><T107/><D107/><U16/><E16/><AGARI ba="0,0" hai="16,23,27,64,67,76,80,86,88,92,97" m="19979" machi="16" ten="30,3900,0" yaku="8,1,54,2" doraHai="118" who="2" fromWho="1" sc="123,0,425,-39,297,39,155,0" /><INIT seed="4,0,0,3,3,10" ten="123,386,336,155" oya="0" hai0="43,28,128,127,84,119,66,22,88,37,125,82,103" hai1="47,73,20,72,91,1,18,126,94,74,46,62,35" hai2="70,104,11,5,89,112,93,52,129,92,101,90,99" hai3="55,75,78,81,123,110,23,63,33,7,118,31,8"/><T14/><D119/><U56/><E126/><N who="0" m="48137" /><D128/><U124/><E35/><V111/><F111/><W21/><G110/><T86/><D66/><U105/><E105/><V27/><F70/><W96/><G123/><T16/><D103/><U40/><E1/><V109/><F109/><W120/><G120/><T85/><D28/><U108/><E108/><V30/><F129/><W45/><G118/><T2/><D2/><U13/><E124/><V49/><F112/><W41/><G96/><T12/><D12/><U9/><E9/><V102/><F104/><W117/><G117/><T107/><D107/><U97/><REACH who="1" step="1"/><E40/><REACH who="1" ten="123,376,336,155" step="2"/><V113/><F113/><W114/><G114/><T4/><D4/><U26/><E26/><V71/><F11/><W60/><G41/><T58/><D58/><U32/><E32/><V100/><F5/><W59/><G7/><T83/><D83/><U6/><E6/><V87/><F71/><W80/><G8/><T116/><D116/><U68/><E68/><V67/><F27/><W34/><G81/><T53/><D53/><AGARI ba="0,1" hai="13,18,20,46,47,53,56,62,72,73,74,91,94,97" machi="53" ten="40,2600,0" yaku="1,1,52,1,53,0" doraHai="10" doraHaiUra="134" who="1" fromWho="0" sc="123,-26,376,36,336,0,155,0" /><INIT seed="5,0,0,1,5,92" ten="97,412,336,155" oya="1" hai0="49,24,29,57,38,55,124,15,112,53,102,23,87" hai1="89,18,27,132,60,59,36,76,39,66,84,101,65" hai2="70,21,109,96,11,97,104,0,46,79,119,129,98" hai3="35,95,6,64,45,71,90,20,73,48,30,41,37"/><U85/><E132/><V54/><F109/><W33/><G73/><T78/><D112/><U99/><E65/><V105/><F119/><W19/><G30/><T108/><D108/><U81/><E27/><V9/><F70/><W40/><G6/><T134/><D124/><U52/><E18/><V22/><F129/><W63/><G41/><T91/><D134/><U111/><E111/><V47/><F79/><W13/><REACH who="3" step="1"/><G37/><REACH who="3" ten="97,412,336,145" step="2"/><T93/><D38/><U128/><E128/><V26/><F0/><W32/><G32/><T56/><D78/><U43/><E43/><V62/><F105/><W135/><G135/><T122/><D122/><U118/><E118/><V8/><F104/><W114/><G114/><T2/><D2/><U115/><E115/><V83/><F83/><W7/><G7/><T120/><D120/><U133/><E133/><V14/><F14/><W25/><G25/><T121/><D121/><U77/><E39/><V110/><F110/><W28/><G28/><T58/><D15/><U16/><E36/><V127/><F127/><W130/><G130/><T116/><D116/><U61/><E81/><V117/><F117/><W69/><G69/><T10/><D10/><U68/><E68/><V17/><F22/><W51/><G51/><T106/><REACH who="0" step="1"/><D49/><REACH who="0" ten="87,412,336,145" step="2"/><U4/><E76/><V3/><F3/><W100/><G100/><T5/><D5/><U103/><E77/><V74/><F74/><W107/><G107/><T42/><D42/><U31/><E4/><V123/><F123/><W88/><G88/><T125/><D125/><U72/><E89/><V86/><F8/><RYUUKYOKU ba="0,2" sc="87,15,412,-15,336,-15,145,15" hai0="23,24,29,53,55,56,57,58,87,91,93,102,106" hai3="13,19,20,33,35,40,45,48,63,64,71,90,95" /><INIT seed="6,1,2,1,1,31" ten="102,397,321,160" oya="2" hai0="13,93,68,49,129,43,72,130,102,44,117,125,30" hai1="9,79,54,53,66,6,78,95,45,16,80,106,90" hai2="86,52,96,55,59,36,38,3,62,126,71,108,98" hai3="128,22,100,112,91,64,135,39,81,41,115,84,10"/><V101/><F3/><W57/><G39/><T124/><D72/><U40/><E106/><V109/><F71/><W23/><G41/><T11/><D68/><U60/><E16/><V34/><F34/><W67/><G128/><N who="0" m="49259" /><D117/><U118/><E118/><V15/><F126/><N who="0" m="48746" /><D30/><U50/><E66/><V85/><F15/><W116/><G135/><T114/><D114/><N who="3" m="43561" /><G100/><T89/><D102/><U111/><E111/><N who="2" m="42571" /><F55/><W119/><G10/><T58/><D58/><U28/><E54/><V5/><F5/><W104/><G104/><T48/><D48/><U113/><E53/><V97/><F101/><W24/><G57/><T92/><D89/><U63/><E113/><V127/><F127/><W7/><G7/><AGARI ba="1,2" hai="7,11,13,43,44,49,92,93" m="48746,49259" machi="7" ten="30,2000,0" yaku="19,1,18,1" doraHai="31" who="0" fromWho="3" sc="102,43,397,0,321,0,160,-23" /><INIT seed="7,0,0,4,4,57" ten="145,397,321,137" oya="3" hai0="22,24,129,7,114,30,56,47,88,27,55,51,111" hai1="19,21,11,117,119,103,102,48,68,38,116,44,41" hai2="123,82,54,98,60,87,78,61,3,0,130,66,127" hai3="35,86,77,67,80,50,25,90,10,13,26,95,135"/><W52/><G135/><T18/><D111/><U94/><E68/><V93/><F130/><W96/><G67/><T107/><D107/><U59/><E11/><V131/><F131/><W132/><G35/><T99/><D129/><U89/><E59/><V113/><F113/><W64/><G64/><T5/><D114/><U121/><E38/><V79/><F127/><W4/><REACH who="3" step="1"/><G132/><REACH who="3" ten="145,397,321,127" step="2"/><T75/><D75/><U109/><E109/><V16/><F66/><W115/><G115/><T101/><D47/><AGARI ba="0,1" hai="4,10,13,25,26,47,50,52,77,80,86,90,95,96" machi="47" ten="30,11600,0" yaku="1,1,7,1,8,1,54,1,53,0" doraHai="57" doraHaiUra="112" who="3" fromWho="0" sc="145,-116,397,0,321,0,127,126" /><INIT seed="7,1,0,4,0,39" ten="29,397,321,253" oya="3" hai0="60,63,56,71,61,20,43,62,40,92,77,72,58" hai1="114,3,118,51,95,123,10,57,66,103,41,68,14" hai2="34,7,27,74,19,81,15,48,101,4,102,30,52" hai3="8,110,90,106,50,85,28,129,108,109,24,12,87"/><W9/><G129/><T91/><D72/><U99/><E114/><V49/><F49/><W96/><G50/><T5/><D77/><U78/><E123/><V59/><F102/><W127/><G127/><T115/><D92/><U82/><E118/><V131/><F131/><W124/><G124/><T11/><D91/><U128/><E3/><V17/><F17/><W83/><G87/><T93/><D93/><U126/><E126/><V44/><F101/><W55/><G55/><N who="0" m="33823" /><D20/><U35/><E35/><V107/><F107/><W13/><G13/><T29/><D11/><U135/><E68/><V134/><F134/><W31/><G8/><T112/><D29/><U98/><E98/><V76/><REACH who="2" step="1"/><F59/><REACH who="2" ten="29,397,311,253" step="2"/><W42/><G106/><T38/><D5/><N who="1" m="3407" /><E135/><V133/><F133/><W64/><G64/><N who="0" m="41359" /><D38/><U6/><E128/><V16/><F16/><N who="3" m="8207" /><G96/><T65/><D63/><U36/><E36/><V1/><F1/><W89/><G89/><T69/><D69/><U105/><E105/><V26/><F26/><W47/><G24/><T18/><D18/><U33/><E99/><V104/><F104/><W53/><G28/><T117/><D117/><U21/><E103/><V122/><F122/><W121/><G31/><T70/><D70/><U54/><E6/><V88/><F88/><W120/><G120/><T132/><D132/><U25/><E25/><V73/><F73/><W46/><G121/><T116/><D116/><U75/><E75/><V100/><F100/><W37/><G110/><T94/><D94/><U2/><E95/><V23/><AGARI ba="1,1" hai="4,7,15,19,23,27,30,34,44,48,52,74,76,81" machi="23" ten="20,8000,1" yaku="1,1,0,1,7,1,54,1,53,1" doraHai="39" doraHaiUra="45" who="2" fromWho="2" sc="29,-21,397,-21,311,93,253,-41" owari="8,-49.0,376,18.0,404,50.0,212,-19.0" /></mjloggm>
