<mjloggm ver="2.3"><GO type="169" lobby="0"/><UN n0="%E3%82%A2%E3%82%AB%E3%82%AE%E3%82%B7%E3%82%B2%E3%83%A9%E3%83%8A%E3%82%A4" n1="%E7%8A%AC%E5%B1%B1" n2="%E3%81%8F%E3%81%8E%E3%82%85%E3%81%86%E3%81%86%E3%81%86%E3%81%86" n3="%E7%94%9F%E4%BD%93%E3%81%AE%E6%A7%8B%E9%80%A0%31" dan="16,16,18,16" rate="2001.02,2084.45,2247.12,2077.89" sx="M,M,M,M"/><TAIKYOKU oya="0"/><INIT seed="0,0,0,0,5,116" ten="250,250,250,250" oya="0" hai0="63,10,131,72,104,66,82,4,87,75,92,19,74" hai1="103,60,85,113,86,122,106,25,28,95,42,134,98" hai2="91,62,120,0,9,33,100,90,23,7,105,108,89" hai3="118,36,101,132,123,73,111,119,12,70,6,84,57"/><T38/><D104/><U20/><E134/><V121/><F33/><W64/><G73/><T58/><D131/><U34/><E113/><V115/><F115/><W67/><G36/><T26/><D38/><U46/><E60/><V135/><F135/><W21/><G132/><T5/><D92/><U129/><E129/><V109/><F23/><W99/><G70/><T78/><REACH who="0" step="1"/><D26/><REACH who="0" ten="240,250,250,250" step="2"/><U27/><E122/><V127/><F127/><W53/><G123/><T102/><D102/><U80/><E106/><V31/><F100/><W110/><G119/><T43/><D43/><U130/><E130/><V48/><F105/><W11/><G118/><T79/><D79/><U13/><E80/><V55/><F121/><W54/><G111/><T107/><D107/><U124/><E124/><V93/><F93/><W59/><G110/><T49/><D49/><U88/><E103/><V30/><F120/><W94/><G101/><T15/><AGARI ba="0,1" hai="4,5,10,15,19,58,63,66,72,74,75,78,82,87" machi="15" ten="40,12000,1" yaku="1,1,0,1,53,2" doraHai="116" doraHaiUra="2" who="0" fromWho="0" sc="240,130,250,-40,250,-40,250,-40" /><INIT seed="0,1,0,2,0,119" ten="370,210,210,210" oya="0" hai0="131,79,49,5,74,116,62,84,19,9,109,37,57" hai1="85,61,110,36,53,122,114,4,20,71,28,67,44" hai2="124,127,102,12,117,75,7,103,43,88,56,0,59" hai3="25,113,47,41,120,76,40,32,100,11,34,81,18"/><T14/><D116/><U97/><E4/><V66/><F117/><W108/><G113/><T106/><D37/><U58/><E114/><V125/><F75/><W68/><G68/><T45/><D106/><U130/><E130/><V121/><F0/><W3/><G108/><T48/><D131/><U2/><E2/><V17/><F7/><W24/><G100/><N who="2" m="38441" /><F43/><W87/><G41/><T91/><D74/><U126/><E126/><V29/><F29/><W94/><G120/><T69/><D69/><U65/><E110/><V42/><F42/><W107/><G107/><T99/><D45/><U93/><E85/><V133/><F133/><W13/><G94/><N who="0" m="56799" /><D5/><U38/><E122/><V26/><F26/><W15/><G3/><T112/><D112/><U51/><E67/><V82/><F66/><W31/><G15/><T96/><D96/><U73/><E73/><V123/><F56/><W104/><G104/><T27/><D27/><U35/><E35/><V95/><F59/><W111/><G111/><T86/><D86/><U80/><E71/><V1/><F82/><W8/><G25/><T83/><D109/><U90/><E80/><V39/><F39/><W52/><G34/><T89/><D79/><U64/><E64/><AGARI ba="1,0" hai="9,14,19,48,49,57,62,64,83,84,89" m="56799" machi="64" ten="30,1500,0" yaku="8,1" doraHai="119" who="0" fromWho="1" sc="370,18,210,-18,210,0,210,0" /><INIT seed="0,2,0,1,3,115" ten="388,192,210,210" oya="0" hai0="23,65,52,32,123,38,15,47,74,41,75,108,21" hai1="128,55,70,87,112,53,88,14,93,130,96,7,135" hai2="80,40,72,43,2,60,99,84,28,11,89,120,34" hai3="33,129,132,44,103,133,69,61,45,9,46,12,25"/><T117/><D117/><U105/><E70/><V131/><F120/><W73/><G73/><T90/><D32/><U37/><E37/><V17/><F72/><W86/><G129/><N who="1" m="49770" /><E135/><N who="3" m="51786" /><G103/><T66/><D123/><U20/><E112/><V8/><F131/><W81/><G33/><T118/><D118/><U24/><E14/><V91/><F34/><W98/><G98/><T106/><D106/><U109/><E7/><V71/><F28/><W82/><G25/><T83/><D108/><U49/><E49/><V54/><F2/><W0/><G0/><T92/><D15/><U134/><E134/><V113/><F113/><W35/><G35/><T68/><D68/><U101/><E109/><V126/><F126/><W31/><G31/><AGARI ba="2,0" hai="20,24,31,53,55,87,88,93,96,101,105" m="49770" machi="31" ten="30,2000,0" yaku="19,1,54,1" doraHai="115" who="1" fromWho="3" sc="388,0,192,26,210,0,210,-26" /><INIT seed="1,0,0,3,0,79" ten="388,218,210,184" oya="1" hai0="28,19,26,18,69,15,118,23,112,102,81,6,14" hai1="124,57,90,48,104,133,33,54,34,105,60,88,82" hai2="119,132,92,114,70,45,75,46,97,116,84,134,2" hai3="91,55,12,127,27,110,4,95,37,13,83,8,78"/><U3/><E3/><V98/><F2/><W115/><G110/><T43/><D69/><U1/><E1/><V103/><F70/><W29/><G127/><T11/><D43/><U21/><E124/><V50/><F45/><W31/><G115/><T38/><D38/><U30/><E133/><N who="2" m="51307" /><F75/><W40/><G13/><T130/><D130/><U65/><E33/><V56/><F56/><W77/><G77/><T120/><D120/><U74/><E34/><V9/><F9/><W17/><G55/><T47/><D47/><U16/><E30/><V106/><F114/><W22/><G40/><T96/><D118/><U24/><E74/><V108/><F108/><W61/><G61/><T73/><D112/><U113/><E113/><V59/><F59/><W87/><REACH who="3" step="1"/><G37/><REACH who="3" ten="388,218,210,174" step="2"/><T67/><D14/><U85/><REACH who="1" step="1"/><E90/><REACH who="1" ten="388,208,210,174" step="2"/><N who="2" m="53319" /><F119/><W125/><G125/><T122/><D122/><U42/><E42/><V99/><F116/><W0/><G0/><T68/><D11/><U53/><E53/><AGARI ba="0,2" hai="46,50,53,97,98,99,103,106" m="53319,51307" machi="53" ten="30,1000,0" yaku="20,1" doraHai="79" who="2" fromWho="1" sc="388,0,208,-10,210,30,174,0" /><INIT seed="2,0,0,0,3,56" ten="388,198,240,174" oya="2" hai0="82,31,66,111,68,52,43,84,20,1,14,101,127" hai1="57,97,106,96,70,41,131,125,126,91,13,129,94" hai2="21,55,24,118,88,115,30,121,134,9,104,48,65" hai3="58,28,27,119,120,113,110,117,37,76,11,40,2"/><V46/><F115/><W114/><G120/><T15/><D1/><U61/><E70/><V90/><F121/><W81/><G37/><T22/><D43/><U60/><E57/><V98/><F118/><W8/><G40/><T33/><D33/><U71/><E71/><V79/><F134/><W75/><G110/><T12/><D127/><N who="1" m="48651" /><E13/><V42/><F65/><W130/><G130/><N who="1" m="49674" /><E41/><V124/><F124/><W36/><G36/><T109/><D101/><AGARI ba="0,0" hai="60,61,91,94,96,97,101,106" m="49674,48651" machi="101" ten="30,7700,0" yaku="18,1,19,1,52,2" doraHai="56" who="1" fromWho="0" sc="388,-77,198,77,240,0,174,0" /><INIT seed="3,0,0,0,0,108" ten="311,275,240,174" oya="3" hai0="62,129,85,39,56,15,100,122,83,80,131,3,120" hai1="118,55,70,134,73,2,54,61,63,43,0,128,90" hai2="33,125,105,75,46,71,38,42,21,72,81,45,52" hai3="31,13,65,10,19,99,22,124,87,41,8,103,86"/><W91/><G124/><T11/><D39/><U126/><E73/><V98/><F33/><W68/><G41/><T101/><D3/><U35/><E35/><V27/><F71/><W69/><G87/><T109/><D109/><U102/><E102/><N who="0" m="39529" /><D56/><U17/><E43/><V7/><F105/><W60/><G69/><T77/><D62/><U110/><E90/><V115/><F98/><W121/><G121/><N who="0" m="46699" /><D15/><U114/><E61/><V48/><F7/><W89/><G31/><T29/><D11/><U79/><E2/><V135/><F125/><W59/><G68/><T23/><D23/><U88/><E0/><V12/><F12/><W57/><G57/><T26/><D26/><U25/><E25/><V66/><F66/><W64/><G64/><T97/><D97/><U127/><E63/><V113/><F135/><W30/><G30/><T9/><D9/><U104/><E70/><V116/><F116/><W92/><REACH who="3" step="1"/><G91/><REACH who="3" ten="311,275,240,164" step="2"/><N who="0" m="51623" /><D29/><U14/><E126/><V112/><REACH who="2" step="1"/><F81/><AGARI ba="0,1" hai="8,10,13,19,22,59,60,65,81,86,89,92,99,103" machi="81" ten="30,5800,0" yaku="1,1,7,1,8,1,53,0" doraHai="108" doraHaiUra="24" who="3" fromWho="2" sc="311,0,275,0,240,-58,164,68" /><INIT seed="3,1,0,1,5,97" ten="311,275,182,232" oya="3" hai0="108,103,102,74,57,77,65,12,20,5,42,122,113" hai1="72,63,19,121,53,71,86,43,90,17,79,54,25" hai2="87,96,119,14,98,106,56,110,26,8,125,4,60" hai3="76,85,35,45,61,37,6,1,31,130,38,0,100"/><W49/><G130/><T129/><D122/><U58/><E71/><V67/><F119/><W101/><G37/><T7/><D108/><U105/><E43/><V73/><F73/><W47/><G38/><T81/><D129/><U126/><E126/><V2/><F110/><W62/><G35/><T23/><D113/><U127/><E127/><V124/><F98/><W92/><G31/><T78/><D78/><U80/><E105/><V21/><F2/><W99/><G45/><T107/><D107/><U117/><E117/><V29/><REACH who="2" step="1"/><F87/><REACH who="2" ten="311,275,172,232" step="2"/><W40/><G0/><T24/><D74/><U27/><E121/><V133/><F133/><W9/><REACH who="3" step="1"/><G101/><AGARI ba="1,1" hai="4,8,14,21,26,29,56,60,67,96,101,106,124,125" machi="101" ten="40,2600,0" yaku="1,1,52,1,53,0" doraHai="97" doraHaiUra="131" who="2" fromWho="3" sc="311,0,275,0,172,39,232,-29" /><INIT seed="4,0,0,3,2,115" ten="311,275,211,203" oya="0" hai0="77,36,54,28,7,93,11,22,13,68,95,135,132" hai1="75,117,16,107,121,105,61,45,27,84,73,15,39" hai2="71,96,78,1,110,122,64,127,10,12,83,44,65" hai3="86,129,14,34,9,0,99,114,50,80,32,62,81"/><T113/><D113/><U69/><E117/><V23/><F122/><W47/><G114/><T33/><D33/><U19/><E84/><V5/><F110/><W76/><G0/><T57/><D68/><U21/><E121/><V48/><F127/><W25/><G129/><T74/><D36/><U43/><E75/><V109/><F109/><W128/><G128/><T72/><D95/><U40/><E73/><V29/><F96/><W67/><G99/><T58/><D93/><U52/><E69/><V111/><F111/><W88/><G25/><N who="0" m="16439" /><D58/><U41/><E39/><V108/><F71/><W106/><G106/><T70/><D77/><U79/><E79/><V4/><F108/><W51/><G81/><T42/><D42/><U8/><REACH who="1" step="1"/><E61/><REACH who="1" ten="311,265,211,203" step="2"/><V53/><F78/><W46/><G76/><T20/><D70/><U26/><E26/><V133/><F83/><W130/><G130/><T98/><D74/><U103/><E103/><V37/><F37/><W59/><G50/><AGARI ba="0,1" hai="8,15,16,19,21,27,40,41,43,45,50,52,105,107" machi="50" ten="40,5200,0" yaku="1,1,54,2,53,0" doraHai="115" doraHaiUra="131" who="1" fromWho="3" sc="311,0,265,62,211,0,203,-52" /><INIT seed="5,0,0,3,4,83" ten="311,327,211,151" oya="1" hai0="110,11,73,59,131,20,53,91,76,27,35,117,115" hai1="2,67,70,25,12,0,9,120,86,75,40,14,3" hai2="62,72,17,23,100,41,13,42,129,133,122,22,94" hai3="24,89,121,48,124,125,7,15,55,96,130,107,105"/><U77/><E75/><V56/><F122/><W103/><G121/><T128/><D110/><U39/><E39/><V60/><F72/><W38/><G38/><T118/><D35/><U112/><E112/><V119/><F119/><W134/><G130/><N who="0" m="49707" /><D115/><U99/><E40/><V90/><F129/><W97/><G134/><T102/><D102/><U74/><E74/><V80/><F133/><W10/><G24/><T132/><D11/><U79/><E67/><V43/><F100/><W51/><G51/><N who="0" m="31167" /><D132/><U95/><E70/><V50/><F80/><W81/><G107/><T116/><D91/><U69/><E69/><V4/><F4/><W32/><G32/><T52/><D52/><U8/><E3/><V28/><F50/><W18/><G7/><T49/><D49/><U66/><E66/><V37/><F37/><W26/><G26/><T101/><D101/><U85/><E25/><N who="2" m="16447" /><F56/><W78/><G78/><T106/><D106/><U54/><E54/><V113/><F113/><W16/><G18/><T92/><D76/><U65/><E65/><V47/><F47/><N who="3" m="28063" /><G97/><AGARI ba="0,0" hai="13,17,22,41,42,43,60,62,90,94,97" m="16447" machi="97" ten="30,1000,0" yaku="8,1" doraHai="83" who="2" fromWho="3" sc="311,0,327,0,211,10,151,-10" /><INIT seed="6,0,0,0,1,5" ten="311,327,221,141" oya="2" hai0="121,6,50,64,12,35,96,22,125,44,20,14,49" hai1="13,31,15,34,28,61,53,58,23,104,124,89,99" hai2="25,21,32,76,130,37,29,77,46,55,8,82,105" hai3="74,83,71,38,59,57,56,65,87,120,43,75,17"/><V62/><F105/><W45/><G120/><T60/><D35/><U108/><E34/><V84/><F130/><W33/><G33/><T7/><D125/><U73/><E73/><V114/><F114/><W113/><G113/><T90/><D121/><U48/><E104/><V16/><F37/><W91/><G71/><T51/><D44/><U97/><E108/><V94/><F94/><W122/><G65/><T39/><D39/><U128/><E124/><V54/><F32/><W103/><G122/><T101/><D90/><U30/><E128/><V100/><F100/><W18/><G103/><T86/><D86/><U131/><E131/><V116/><F116/><W68/><G68/><T95/><D12/><N who="1" m="4683" /><E23/><N who="0" m="8745" /><D14/><U26/><E26/><V0/><F29/><W72/><G38/><T11/><D11/><U52/><E89/><N who="2" m="51351" /><F0/><W133/><G133/><T69/><D69/><U24/><E24/><V126/><F126/><W40/><REACH who="3" step="1"/><G45/><AGARI ba="0,0" hai="28,30,31,45,48,52,53,58,61,97,99" m="4683" machi="45" ten="30,2000,0" yaku="8,1,54,1" doraHai="5" who="1" fromWho="3" sc="311,0,327,20,221,0,141,-20" /><INIT seed="7,0,0,1,5,77" ten="311,347,221,121" oya="3" hai0="98,22,116,95,89,67,52,13,30,55,111,114,2" hai1="117,16,92,80,118,97,15,100,73,23,130,20,10" hai2="104,108,103,72,81,88,50,109,135,87,29,19,61" hai3="106,68,83,1,86,123,74,41,110,58,24,25,119"/><W78/><G119/><N who="1" m="45578" /><E130/><V65/><F135/><W129/><G123/><T0/><D111/><U127/><E127/><V47/><F29/><W128/><G68/><T66/><D0/><U101/><E101/><V32/><F32/><W94/><G1/><T63/><D2/><U62/><E62/><V46/><F72/><W96/><G110/><T120/><D120/><U64/><E64/><N who="0" m="24617" /><D63/><U28/><E28/><V6/><F6/><W82/><G41/><T33/><D33/><U48/><E48/><V121/><F121/><W44/><G44/><T53/><D114/><U9/><E9/><V36/><F36/><W51/><G51/><T69/><D69/><U45/><E45/><V17/><F46/><W133/><G58/><T76/><D76/><AGARI ba="0,0" hai="10,15,16,20,23,73,76,80,92,97,100" m="45578" machi="76" ten="30,3900,0" yaku="12,1,52,1,54,1" doraHai="77" who="1" fromWho="0" sc="311,-39,347,39,221,0,121,0" owari="272,7.2,386,48.6,221,-17.9,121,-37.9" /></mjloggm>