<mjloggm ver="2.3"><GO type="169" lobby="0"/><UN n0="%E8%8A%B1%E9%81%93%E6%A1%9C%E6%9C%A8" n1="%7A%6F%6F%31%39%36%34" n2="%E3%81%8B%E3%81%B6%E8%8C%B6" n3="%E4%BF%BA%E3%81%A7%E3%81%99" dan="17,18,16,16" rate="2199.93,2296.42,2121.61,2124.65" sx="M,M,M,M"/><TAIKYOKU oya="0"/><INIT seed="0,0,0,4,2,32" ten="250,250,250,250" oya="0" hai0="95,47,22,112,85,67,2,4,42,107,31,18,100" hai1="90,15,44,134,70,104,51,83,92,124,130,12,46" hai2="122,28,98,117,80,25,29,57,49,126,113,65,114" hai3="109,79,127,23,35,101,78,119,63,55,62,81,19"/><T54/><D112/><U73/><E104/><V5/><F122/><W96/><G119/><T21/><D107/><U110/><E70/><V0/><F117/><W86/><G35/><T97/><D67/><U38/><E110/><V89/><F126/><W8/><G109/><T118/><D118/><U20/><E124/><V82/><F49/><W52/><G127/><T40/><D85/><U76/><E134/><V72/><F5/><W43/><G43/><T1/><D4/><U34/><E34/><V115/><F25/><W128/><G79/><T14/><D54/><U88/><E90/><V111/><F89/><W93/><G8/><T69/><D69/><U87/><E130/><V131/><F57/><W91/><G128/><T16/><D31/><U9/><E20/><V61/><F111/><W103/><G103/><T48/><D42/><U77/><E77/><V123/><F131/><W129/><G129/><T99/><D97/><U116/><E116/><V3/><F98/><W37/><G37/><T24/><AGARI ba="0,0" hai="1,2,14,16,18,21,22,24,40,47,48,95,99,100" machi="24" ten="20,12000,1" yaku="0,1,7,1,52,2,54,1" doraHai="32" who="0" fromWho="0" sc="250,120,250,-40,250,-40,250,-40" /><INIT seed="0,1,0,1,2,81" ten="370,210,210,210" oya="0" hai0="41,88,107,111,15,127,123,53,52,126,58,43,40" hai1="55,59,129,125,122,38,33,102,113,67,8,68,133" hai2="14,27,103,4,132,62,74,95,23,18,77,87,104" hai3="56,96,64,114,28,118,12,1,108,90,86,26,49"/><T110/><D123/><U47/><E33/><V21/><F132/><W66/><G114/><T13/><D107/><U75/><E75/><V22/><F104/><W99/><G118/><T16/><D88/><U93/><E122/><V0/><F0/><W54/><G1/><T35/><D35/><U20/><E133/><V119/><F74/><W37/><G37/><T44/><D44/><U94/><E129/><V70/><F119/><W2/><G2/><T31/><D31/><U39/><E8/><V6/><F103/><W9/><G108/><N who="0" m="41515" /><D13/><U3/><E3/><V24/><F77/><W11/><G11/><N who="0" m="6271" /><D53/><U117/><E117/><V76/><F4/><W50/><G99/><T7/><D7/><U130/><E47/><V79/><F6/><W19/><G96/><T131/><D131/><U48/><E130/><V57/><F76/><W17/><G26/><T121/><D121/><U32/><E32/><V101/><F27/><W98/><G98/><T97/><D97/><N who="1" m="59695" /><E94/><V106/><F106/><W116/><G28/><T85/><D85/><U65/><E20/><V46/><F46/><N who="3" m="27991" /><G19/><T91/><D91/><U73/><E73/><V124/><F101/><W80/><G116/><T29/><D29/><U72/><E72/><V109/><F109/><W42/><G17/><T45/><D45/><U30/><E30/><V92/><F24/><W82/><G12/><T120/><D120/><U63/><E55/><N who="2" m="34111" /><F14/><W61/><G9/><T69/><D69/><U34/><E34/><V115/><F70/><W84/><G80/><T51/><AGARI ba="1,0" hai="40,41,43,51,52,58,126,127" m="6271,41515" machi="51" ten="40,12000,1" yaku="14,1,10,1,54,2" doraHai="81" who="0" fromWho="0" sc="370,123,210,-41,210,-41,210,-41" /><INIT seed="0,2,0,5,3,5" ten="493,169,169,169" oya="0" hai0="65,25,109,10,55,1,32,93,106,101,122,53,40" hai1="82,2,47,119,87,92,4,54,67,90,89,44,19" hai2="135,77,69,57,112,80,81,118,37,125,3,24,102" hai3="123,43,75,63,13,56,46,74,39,62,113,121,9"/><T64/><D122/><N who="3" m="46601" /><G113/><T17/><D106/><U83/><E119/><V98/><F69/><W68/><G68/><T18/><D40/><U60/><E2/><V105/><F112/><W36/><G36/><T108/><D32/><U7/><E19/><V107/><F107/><W99/><G99/><N who="0" m="59631" /><D65/><U88/><E92/><V41/><F125/><W72/><G56/><T91/><D91/><N who="1" m="51703" /><E83/><V79/><F3/><W76/><G76/><T86/><D86/><U84/><E84/><V30/><F80/><W29/><G29/><T33/><D64/><U15/><E67/><V27/><F118/><W14/><G14/><N who="0" m="7383" /><D1/><U96/><E96/><V0/><F0/><W28/><G28/><N who="0" m="19599" /><D18/><AGARI ba="2,0" hai="9,13,18,39,43,46,62,63,72,74,75" m="46601" machi="18" ten="40,2600,0" yaku="13,1,52,1" doraHai="5" who="3" fromWho="0" sc="493,-32,169,0,169,0,169,32" /><INIT seed="1,0,0,5,5,128" ten="461,169,169,201" oya="1" hai0="53,103,104,34,56,120,22,17,97,122,123,25,72" hai1="60,99,78,51,66,114,135,50,28,106,14,46,83" hai2="9,102,101,108,30,7,11,47,8,20,16,127,21" hai3="70,15,88,45,48,115,116,96,3,52,31,67,23"/><U84/><E114/><V111/><F127/><W124/><G115/><T89/><D72/><U19/><E28/><V112/><F112/><W54/><G3/><T121/><N who="0" m="30720" /><DORA hai="130" /><T59/><D34/><U55/><E51/><V109/><F47/><W100/><G124/><T68/><D68/><U13/><E135/><V91/><F91/><W80/><G67/><T40/><D40/><U64/><E64/><V75/><F75/><W26/><G70/><T27/><D89/><U10/><E106/><V0/><F101/><W32/><G15/><T62/><REACH who="0" step="1"/><D59/><REACH who="0" ten="451,169,169,201" step="2"/><U81/><E99/><V74/><F74/><W18/><G32/><T82/><D82/><U87/><E83/><V69/><F69/><W57/><G88/><T43/><D43/><U58/><E81/><V126/><F126/><W24/><G80/><T1/><D1/><U110/><E78/><V79/><F79/><W44/><G96/><T49/><D49/><U29/><E87/><V35/><F35/><W105/><G57/><T77/><D77/><U93/><E84/><V92/><F102/><W119/><G100/><T133/><D133/><U42/><E42/><V41/><F41/><W5/><G48/><T94/><D94/><U86/><E93/><V134/><F92/><W2/><G2/><T71/><D71/><U85/><E86/><V132/><F132/><W61/><G45/><T125/><D125/><U38/><E85/><V131/><F134/><W6/><G44/><T95/><D95/><U107/><E46/><V90/><F90/><W36/><G119/><T37/><D37/><U39/><E38/><RYUUKYOKU ba="0,1" sc="451,30,169,-10,169,-10,201,-10" hai0="17,22,25,27,53,56,62,97,103,104" /><INIT seed="2,1,1,3,5,17" ten="481,159,159,191" oya="2" hai0="109,43,88,63,87,99,92,55,42,59,62,13,54" hai1="133,8,33,82,46,128,85,116,108,7,36,73,107" hai2="112,28,66,11,48,114,132,22,4,83,37,122,91" hai3="57,35,50,103,131,12,95,68,120,15,111,90,56"/><V20/><F37/><W75/><G120/><T24/><D109/><U5/><E116/><V110/><F122/><W1/><G1/><T19/><D24/><U21/><E33/><V123/><F123/><W79/><G68/><T81/><D55/><U93/><E107/><V69/><F110/><W27/><G111/><T105/><D63/><U100/><E133/><V125/><F28/><W10/><G103/><T65/><D65/><U102/><E128/><V113/><F132/><W117/><G131/><T84/><D84/><U34/><E34/><V26/><F26/><W38/><G38/><T76/><D105/><U14/><E73/><V40/><F125/><W124/><G50/><T71/><D71/><U61/><E5/><V104/><F104/><W134/><G15/><T18/><D18/><U64/><E93/><V0/><F91/><W29/><G124/><T39/><D39/><U2/><E46/><V70/><F83/><W118/><G134/><T126/><D126/><U74/><E74/><V6/><F6/><W77/><G118/><T86/><D99/><U9/><E108/><V106/><F106/><W52/><G75/><T101/><D101/><U23/><E36/><V3/><F70/><W78/><G117/><T96/><D96/><U49/><E102/><V97/><F97/><N who="3" m="57591" /><G52/><T58/><D58/><N who="1" m="36919" /><E100/><V129/><F129/><W44/><G44/><T30/><D30/><U16/><E49/><V121/><F121/><W41/><G41/><T47/><D47/><U135/><E135/><V51/><F40/><W119/><G119/><T130/><D130/><U67/><E67/><RYUUKYOKU ba="1,1" sc="481,10,159,10,159,-30,191,10" hai0="13,19,42,43,54,59,62,76,81,86,87,88,92" hai1="2,7,8,9,14,16,21,23,82,85" hai3="10,12,27,29,35,56,57,77,78,79" /><INIT seed="3,2,1,3,2,115" ten="491,169,129,201" oya="3" hai0="60,72,104,41,73,42,53,35,34,93,76,130,120" hai1="98,6,29,59,77,127,68,30,11,124,7,133,33" hai2="111,88,102,119,125,117,89,5,110,108,22,44,84" hai3="122,100,107,81,25,2,37,4,67,15,13,54,134"/><W94/><G122/><T85/><D104/><U121/><E68/><V55/><F125/><N who="1" m="48201" /><E121/><V71/><F71/><W118/><G118/><N who="2" m="45065" /><F102/><W28/><G107/><T26/><D42/><U64/><E133/><V131/><F131/><W126/><G126/><T79/><D76/><U83/><E98/><V31/><F5/><N who="1" m="1545" /><E11/><V66/><F66/><W3/><G37/><T91/><D53/><U52/><E33/><V101/><F101/><W50/><G67/><T43/><D93/><U132/><E132/><V86/><F31/><W61/><G81/><T56/><D73/><N who="1" m="43439" /><E64/><V46/><F22/><W112/><G3/><T97/><D56/><U48/><AGARI ba="2,1" hai="29,30,48,52,59" m="43439,1545,48201" machi="48" ten="30,2000,0" yaku="18,1,54,1" doraHai="115" who="1" fromWho="1" sc="491,-7,169,36,129,-7,201,-12" /><INIT seed="4,0,0,5,0,119" ten="484,205,122,189" oya="0" hai0="130,123,88,105,134,91,112,107,62,102,117,67,26" hai1="56,85,29,74,73,131,33,72,106,9,98,115,124" hai2="99,96,75,118,82,47,28,12,103,8,35,86,83" hai3="92,95,113,101,3,68,40,42,69,79,126,10,45"/><T6/><D117/><U77/><E131/><V22/><F35/><W87/><G113/><T32/><D112/><U51/><E115/><V133/><F133/><W43/><G126/><T70/><D130/><U1/><E124/><V49/><F75/><W11/><G45/><T132/><D6/><N who="1" m="1231" /><E85/><V89/><F83/><W23/><G3/><T25/><D123/><U94/><E51/><V24/><F103/><W21/><G43/><T31/><D26/><N who="1" m="18615" /><E56/><V30/><F30/><W111/><G87/><T100/><D100/><N who="1" m="62743" /><E94/><V18/><REACH who="2" step="1"/><F118/><REACH who="2" ten="484,205,112,189" step="2"/><W60/><G101/><T64/><D107/><U120/><E77/><V114/><F114/><W104/><G79/><T7/><D102/><U57/><E57/><V90/><F90/><W0/><G104/><T46/><D105/><U48/><E48/><V128/><F128/><W2/><G60/><T41/><D134/><U121/><AGARI ba="0,1" hai="72,73,74,120,121" m="62743,18615,1231" machi="121" ten="40,5200,0" yaku="23,1,52,2" doraHai="119" who="1" fromWho="1" sc="484,-26,205,62,112,-13,189,-13" /><INIT seed="5,0,0,0,3,36" ten="458,267,99,176" oya="1" hai0="128,14,78,30,53,62,126,96,74,18,44,12,15" hai1="129,57,4,17,5,27,116,95,9,87,21,92,66" hai2="47,67,124,100,94,104,85,51,38,24,10,19,97" hai3="6,52,33,133,106,90,98,22,34,8,13,55,113"/><U29/><E129/><V25/><F124/><W101/><G113/><T26/><D126/><U115/><E115/><V20/><F38/><W37/><G133/><T130/><D96/><U50/><E116/><V125/><F125/><W68/><G68/><T23/><D78/><U40/><E66/><V32/><F67/><W117/><G117/><T82/><D74/><U119/><E119/><V16/><F32/><W73/><G37/><T72/><D82/><U71/><E71/><V56/><F56/><W89/><G73/><T45/><D72/><U105/><E105/><V54/><F85/><W35/><G22/><T114/><D114/><U132/><E132/><V88/><F104/><W60/><G60/><T75/><D75/><U7/><E57/><V58/><F58/><W91/><AGARI ba="0,0" hai="6,8,13,33,34,35,52,55,89,90,91,98,101,106" machi="91" ten="40,2700,0" yaku="0,1,54,1" doraHai="36" who="3" fromWho="3" sc="458,-7,267,-13,99,-7,176,27" /><INIT seed="6,0,0,1,4,114" ten="451,254,92,203" oya="2" hai0="56,10,29,38,9,127,98,99,118,42,46,7,110" hai1="12,102,85,23,125,11,96,128,61,1,5,86,21" hai2="26,14,124,40,78,126,52,4,69,87,60,70,30" hai3="131,62,34,74,64,15,33,8,133,121,6,93,122"/><V17/><F40/><W53/><G74/><T39/><D110/><U95/><E128/><V41/><F41/><W84/><G131/><T91/><D127/><N who="2" m="48682" /><F4/><W81/><G93/><T51/><D29/><U101/><E125/><V106/><F106/><W105/><G105/><T100/><D10/><U47/><E102/><V32/><F78/><W65/><G53/><T83/><D56/><U111/><E111/><V76/><F76/><W44/><G44/><T59/><D59/><U119/><E119/><V73/><F73/><W71/><G65/><T19/><D118/><U27/><E47/><V63/><F87/><W134/><G122/><T115/><D115/><U120/><E120/><V20/><F52/><W117/><G117/><T113/><D113/><U80/><E61/><AGARI ba="0,0" hai="14,17,20,26,30,32,60,61,63,69,70" m="48682" machi="61" ten="30,1500,0" yaku="18,1" doraHai="114" who="2" fromWho="1" sc="451,0,254,-15,92,15,203,0" /><INIT seed="6,1,0,0,3,86" ten="451,239,107,203" oya="2" hai0="19,21,23,24,0,58,34,57,67,100,38,55,96" hai1="65,40,85,54,123,113,17,131,60,102,125,48,87" hai2="77,130,124,36,81,68,80,25,132,62,110,33,117" hai3="71,95,66,50,89,111,3,43,91,75,82,116,108"/><V32/><F117/><W126/><G116/><T97/><D38/><U56/><E113/><V26/><F36/><W41/><G3/><T27/><D34/><U37/><E131/><V1/><F1/><W114/><G114/><T103/><D0/><U22/><E125/><V115/><F115/><W64/><G126/><T88/><D67/><U13/><E123/><V61/><F124/><W93/><G71/><T7/><D7/><U49/><E102/><V105/><F105/><W76/><G82/><T35/><D35/><U98/><E98/><V16/><F130/><W31/><G50/><T118/><D58/><N who="1" m="37015" /><E37/><V39/><F39/><W90/><G75/><T9/><D9/><U44/><AGARI ba="1,0" hai="13,17,22,40,44,48,49,54,56,85,87" m="37015" machi="44" ten="30,1100,0" yaku="8,1" doraHai="86" who="1" fromWho="1" sc="451,-4,239,14,107,-6,203,-4" /><INIT seed="7,0,0,3,4,51" ten="447,253,101,199" oya="3" hai0="97,130,44,18,34,126,76,63,107,2,17,52,61" hai1="128,14,23,24,72,59,55,125,41,73,9,75,8" hai2="131,11,116,92,35,67,91,93,56,46,106,103,10" hai3="37,28,84,111,87,104,49,119,109,30,113,38,25"/><W112/><G119/><T4/><D34/><U66/><E66/><V117/><F131/><W88/><G104/><T132/><D76/><U70/><E70/><V105/><F35/><W5/><G5/><T134/><D130/><U85/><E41/><V58/><F67/><W110/><G49/><N who="0" m="28711" /><D126/><U69/><E69/><V68/><F68/><W36/><G25/><T48/><D48/><U74/><E74/><V42/><F103/><W77/><G88/><T54/><D4/><U96/><E128/><V101/><F101/><W62/><G62/><N who="0" m="23563" /><D54/><U129/><E8/><V39/><F91/><W22/><G22/><T82/><D2/><U80/><E96/><V26/><F26/><W45/><G45/><T115/><D115/><N who="3" m="44105" /><G77/><T6/><D82/><U127/><E129/><V53/><F46/><W32/><G32/><T3/><D97/><U95/><E95/><V120/><F53/><W7/><G7/><T27/><D107/><U118/><E23/><V78/><F78/><W12/><G12/><T108/><D27/><U15/><E24/><V64/><F64/><W19/><G19/><T100/><D100/><U79/><E118/><V98/><F98/><W124/><G124/><N who="1" m="47690" /><E9/><V40/><REACH who="2" step="1"/><F120/><REACH who="2" ten="447,253,91,199" step="2"/><W60/><G60/><AGARI ba="0,1" hai="14,15,55,59,60,72,73,75,79,80,85" m="47690" machi="60" ten="40,2600,0" yaku="18,1,52,1" doraHai="51" who="1" fromWho="3" sc="447,0,253,36,91,0,199,-26" owari="447,54.7,289,8.9,91,-40.9,173,-22.7" /></mjloggm>