<mjloggm ver="2.3"><GO type="169" lobby="0"/><UN n0="%48%4F%4D%4F%E5%A5%B3" n1="%73%69%65%72%61%34%30%31" n2="%52%65%63%61%6C%74%71" n3="%31%35%2E%31%35%63%6D" dan="16,18,16,18" rate="2105.04,2263.66,2087.19,2246.91" sx="M,M,M,M"/><TAIKYOKU oya="0"/><INIT seed="0,0,0,5,0,51" ten="250,250,250,250" oya="0" hai0="5,115,40,122,125,129,68,53,134,111,21,109,19" hai1="99,25,22,71,132,44,33,119,123,50,86,76,127" hai2="46,74,3,98,103,4,9,47,6,30,17,42,89" hai3="32,92,37,93,55,63,23,38,117,26,0,29,15"/><T18/><D122/><U108/><E108/><N who="0" m="41545" /><D115/><U124/><E119/><V77/><F4/><W113/><G117/><T70/><D125/><U130/><E123/><V2/><F30/><W75/><G113/><T82/><D129/><U7/><E33/><V41/><F17/><N who="0" m="6154" /><D134/><U54/><E130/><V10/><F89/><W28/><G0/><T121/><D121/><U101/><E71/><N who="0" m="27177" /><D40/><U84/><E132/><V110/><F110/><W31/><G32/><T94/><D21/><U60/><E124/><V8/><F6/><W97/><G23/><T1/><D82/><U81/><E7/><V16/><F16/><W69/><G31/><T118/><D118/><U87/><E127/><V49/><F77/><W34/><G29/><T27/><D27/><U61/><E25/><V112/><F112/><W45/><G26/><T58/><D94/><N who="1" m="58615" /><E22/><V104/><REACH who="2" step="1"/><F74/><REACH who="2" ten="250,250,240,250" step="2"/><W73/><G73/><T107/><D107/><U36/><E36/><AGARI ba="0,1" hai="2,3,8,9,10,36,41,42,46,47,49,98,103,104" machi="36" ten="40,2600,0" yaku="1,1,2,1,53,0" doraHai="51" doraHaiUra="88" who="2" fromWho="1" sc="250,0,250,-26,240,36,250,0" /><INIT seed="1,0,0,2,4,99" ten="250,224,276,250" oya="1" hai0="89,94,62,37,93,120,117,17,36,106,47,95,44" hai1="125,2,82,33,28,132,107,108,22,59,43,60,70" hai2="42,128,122,83,111,6,13,78,32,129,57,4,84" hai3="30,126,81,1,104,74,66,11,34,113,112,63,48"/><U23/><E2/><V88/><F122/><W15/><G126/><T20/><D117/><U71/><E33/><V29/><F42/><W10/><G104/><T25/><D106/><U41/><E107/><V130/><F111/><W115/><G1/><T124/><D124/><U92/><E125/><V7/><F57/><W131/><G131/><T91/><D120/><U102/><E132/><V69/><F69/><W133/><G133/><T65/><D37/><U134/><E134/><V118/><F118/><W52/><G30/><T56/><REACH who="0" step="1"/><D36/><REACH who="0" ten="240,224,276,250" step="2"/><U12/><E108/><V3/><F3/><W121/><G121/><T68/><D68/><U61/><E70/><V87/><F13/><W0/><G15/><T40/><D40/><U97/><E71/><V77/><F84/><W80/><G0/><T72/><D72/><U85/><E41/><V105/><F105/><W46/><G74/><T73/><D73/><U8/><E43/><V27/><AGARI ba="0,1" hai="4,6,7,27,29,32,77,78,83,87,88,128,129,130" machi="27" ten="40,5200,0" yaku="0,1,19,1,54,1" doraHai="99" who="2" fromWho="2" sc="240,-13,224,-26,276,62,250,-13" /><INIT seed="2,0,0,5,0,79" ten="227,198,338,237" oya="2" hai0="103,59,30,67,9,63,108,36,10,54,116,74,124" hai1="49,62,70,135,4,51,16,27,77,76,89,58,56" hai2="111,110,118,107,128,55,5,123,34,35,131,90,100" hai3="72,31,15,60,40,132,32,95,75,48,52,41,22"/><V17/><F123/><W7/><G132/><T68/><D108/><N who="2" m="41514" /><F118/><W133/><G133/><T99/><D116/><U120/><E135/><V65/><F65/><W105/><G105/><T64/><D124/><U114/><E114/><V122/><F122/><W24/><G60/><T121/><D74/><U1/><E70/><V29/><F5/><W104/><G104/><T25/><D121/><U94/><E120/><V47/><F17/><W97/><G75/><T81/><D36/><U6/><E1/><V71/><F71/><W109/><G72/><T44/><D44/><U82/><E6/><V98/><F90/><W112/><G112/><T93/><D67/><U12/><E4/><V134/><F134/><W42/><G109/><T23/><REACH who="0" step="1"/><D81/><REACH who="0" ten="217,198,338,237" step="2"/><U20/><E82/><V50/><F29/><W43/><G31/><T101/><D101/><U87/><E76/><V102/><F100/><W14/><G41/><T28/><D28/><U130/><E77/><V26/><F26/><W0/><G24/><T86/><D86/><U61/><E27/><V117/><F117/><W39/><G42/><T127/><D127/><U92/><E89/><V106/><F106/><W33/><G40/><T113/><D113/><U18/><E92/><V2/><F2/><W46/><G0/><T45/><D45/><U38/><E94/><V96/><F96/><W53/><G43/><T11/><D11/><U85/><E87/><V80/><F80/><W126/><G126/><T125/><D125/><U119/><E85/><V84/><F84/><W91/><G97/><T57/><D57/><U66/><E58/><RYUUKYOKU ba="0,1" sc="217,15,198,-15,338,15,237,-15" hai0="9,10,23,25,30,54,59,63,64,68,93,99,103" hai2="34,35,47,50,55,98,102,107,128,131" /><INIT seed="2,1,1,0,5,87" ten="232,183,353,222" oya="2" hai0="129,12,101,77,108,121,0,30,33,115,49,56,34" hai1="67,99,38,17,105,61,4,117,98,126,44,18,26" hai2="48,71,15,9,63,32,102,125,81,70,116,106,46" hai3="78,131,128,53,31,127,14,64,122,69,11,104,100"/><V134/><F116/><W20/><G122/><T79/><D121/><U35/><E117/><V5/><F134/><W123/><G123/><T43/><D108/><U75/><E75/><V119/><F119/><W13/><G78/><T132/><D129/><N who="3" m="49737" /><G127/><T93/><D132/><U24/><E4/><V23/><F32/><W41/><G41/><T66/><D0/><U82/><E126/><V113/><F113/><W74/><G74/><T112/><D30/><U25/><E35/><V60/><F102/><W97/><G53/><T90/><D33/><U57/><E38/><V8/><F106/><W47/><G47/><T107/><D34/><U68/><E68/><V59/><F125/><W10/><G64/><T95/><D107/><U22/><E44/><V80/><F23/><W40/><G40/><T89/><D101/><U29/><E105/><V6/><F46/><W83/><G69/><T52/><D43/><U2/><E2/><V16/><F48/><W54/><G54/><T135/><D66/><U19/><REACH who="1" step="1"/><E82/><REACH who="1" ten="232,173,353,222" step="2"/><V37/><F37/><W130/><G83/><T1/><D1/><U45/><E45/><V110/><F71/><W42/><G42/><T73/><D135/><U50/><E50/><V65/><F80/><W86/><G130/><T72/><D112/><U7/><E7/><V94/><F81/><W21/><G104/><T51/><D115/><U109/><E109/><V103/><F110/><W62/><G62/><T114/><D114/><U28/><E28/><V76/><F63/><W58/><G31/><T27/><D73/><U55/><E55/><V92/><F70/><RYUUKYOKU ba="1,2" sc="232,-10,173,30,353,-10,222,-10" hai1="17,18,19,22,24,25,26,29,57,61,67,98,99" /><INIT seed="3,2,2,3,4,53" ten="222,203,343,212" oya="3" hai0="6,118,98,38,83,29,117,33,28,89,101,73,97" hai1="57,14,100,58,51,80,82,63,95,119,30,69,37" hai2="115,43,50,76,62,15,74,0,35,111,102,25,66" hai3="129,114,75,56,27,9,84,106,5,18,123,71,16"/><W20/><G114/><T31/><D38/><U99/><E37/><V4/><F0/><W65/><G123/><T88/><D33/><U3/><E3/><V23/><F111/><W125/><G75/><T127/><D6/><U47/><E119/><V109/><F35/><W1/><G106/><T85/><D127/><U103/><E69/><V128/><F109/><W19/><G71/><T13/><D73/><U105/><E105/><V121/><F121/><W34/><G125/><T110/><D110/><U11/><E30/><V44/><F115/><W87/><G34/><T70/><D70/><U124/><E100/><V126/><F126/><W79/><G129/><T81/><D13/><U135/><E135/><V26/><F102/><W40/><G40/><T22/><D22/><U94/><E94/><V131/><F76/><W68/><G68/><T54/><D54/><N who="1" m="30079" /><E124/><V90/><F90/><W46/><G46/><T10/><D10/><U77/><E77/><V104/><F104/><W39/><G39/><T49/><D49/><U133/><E133/><V108/><F74/><W72/><G72/><T52/><D52/><N who="1" m="34215" /><E58/><N who="2" m="37207" /><F108/><W2/><G2/><T36/><D36/><U132/><E132/><V120/><F120/><W93/><G79/><T59/><D101/><U61/><E61/><V92/><F92/><W7/><G93/><T96/><D59/><U17/><AGARI ba="2,2" hai="11,14,17,80,82,95,99,103" m="34215,30079" machi="17" ten="30,4000,0" yaku="8,1,52,1,54,1" doraHai="53" who="1" fromWho="1" sc="222,-12,203,66,343,-12,212,-22" /><INIT seed="4,0,0,2,2,18" ten="210,269,331,190" oya="0" hai0="65,42,132,29,50,5,90,77,116,98,87,93,3" hai1="83,23,45,25,75,89,19,35,84,22,55,52,124" hai2="121,96,82,48,51,123,54,128,133,105,127,56,2" hai3="81,53,40,28,131,43,62,61,115,69,134,27,86"/><T112/><D116/><U0/><E35/><V7/><F133/><W88/><G134/><T20/><D132/><U109/><E109/><V1/><F128/><W70/><G131/><T32/><D32/><U94/><E0/><V104/><F82/><W58/><G115/><T101/><D112/><U34/><E34/><V125/><F96/><W108/><G108/><T30/><D77/><U99/><E75/><V111/><F111/><W126/><G126/><N who="2" m="48137" /><F51/><W6/><G6/><T47/><D65/><U4/><E4/><V92/><F92/><W71/><REACH who="3" step="1"/><G61/><REACH who="3" ten="210,269,331,180" step="2"/><T39/><D5/><U64/><E124/><V31/><F2/><W14/><G14/><T41/><D3/><U60/><E45/><V97/><F7/><W44/><G44/><T8/><D47/><U117/><E117/><V59/><F1/><W66/><G66/><T37/><D39/><U68/><REACH who="1" step="1"/><E23/><AGARI ba="0,1" hai="23,27,28,40,43,53,58,62,69,70,71,81,86,88" machi="23" ten="40,8000,1" yaku="1,1,52,1,54,1,53,1" doraHai="18" doraHaiUra="80" who="3" fromWho="1" sc="210,0,269,-80,331,0,180,90" /><INIT seed="5,0,0,3,0,45" ten="210,189,331,270" oya="1" hai0="103,14,100,105,134,97,11,126,135,96,50,83,3" hai1="16,2,23,5,106,75,76,95,17,39,60,78,79" hai2="41,43,44,6,38,22,20,102,8,133,24,107,86" hai3="117,47,101,121,56,58,31,94,9,74,81,34,55"/><U18/><E106/><V65/><F133/><N who="0" m="50698" /><D3/><U82/><E39/><V85/><F43/><W59/><G121/><T42/><D83/><U73/><E2/><V69/><F22/><W63/><G117/><T120/><D120/><U46/><E5/><V93/><F107/><W29/><G34/><T113/><D113/><U32/><E32/><V26/><F26/><W118/><G118/><T89/><D89/><U49/><E23/><V25/><F25/><W28/><G74/><T12/><D126/><U54/><E82/><V108/><F65/><W129/><G129/><T112/><D112/><U88/><REACH who="1" step="1"/><E60/><REACH who="1" ten="210,179,331,270" step="2"/><V37/><F37/><W127/><G63/><T13/><D11/><U91/><E91/><V48/><F38/><W53/><G81/><T70/><D105/><U119/><E119/><V131/><F8/><W122/><G9/><T10/><D10/><U51/><E51/><V21/><F48/><N who="3" m="28831" /><G122/><T4/><D4/><U110/><E110/><V7/><F7/><W98/><G127/><T72/><D50/><U99/><AGARI ba="0,1" hai="16,17,18,46,49,54,73,75,76,78,79,88,95,99" machi="99" ten="30,12000,1" yaku="1,1,0,1,52,1,54,2,53,0" doraHai="45" doraHaiUra="64" who="1" fromWho="1" sc="210,-40,179,130,331,-40,270,-40" /><INIT seed="5,1,0,4,2,109" ten="170,309,291,230" oya="1" hai0="97,40,46,28,17,53,44,7,93,89,105,72,96" hai1="83,22,48,73,118,135,108,112,125,43,24,37,111" hai2="2,127,102,13,87,134,91,15,101,19,69,116,133" hai3="36,103,95,90,123,0,10,86,114,63,121,98,33"/><U113/><E118/><V26/><F116/><W45/><G33/><T126/><D72/><U55/><E125/><V79/><F69/><W20/><G63/><T31/><D126/><U74/><E135/><N who="2" m="51723" /><F79/><W82/><G20/><T92/><D105/><U100/><E100/><V29/><F2/><W27/><G27/><T56/><D7/><U75/><E83/><N who="2" m="49663" /><F15/><W32/><G32/><T50/><D17/><N who="1" m="12367" /><E43/><V60/><F60/><W70/><G70/><T110/><D110/><N who="1" m="42027" /><E37/><V64/><F64/><W66/><G66/><T129/><D129/><U65/><E65/><V5/><F5/><W132/><G36/><T41/><D41/><U34/><E34/><N who="2" m="20791" /><F127/><W30/><G132/><T104/><D104/><U67/><E67/><V25/><F25/><W8/><G123/><T68/><D68/><U77/><E77/><V71/><F71/><W3/><G121/><T4/><D4/><U130/><E130/><V128/><F128/><W124/><G124/><T122/><D122/><U16/><E16/><V52/><F52/><W23/><G30/><T99/><D46/><AGARI ba="1,0" hai="46,48,55,73,74,75,112,113" m="42027,12367" machi="46" ten="40,7700,0" yaku="10,1,52,2" doraHai="109" who="1" fromWho="0" sc="170,-80,309,80,291,0,230,0" /><INIT seed="5,2,0,2,4,13" ten="90,389,291,230" oya="1" hai0="35,22,134,40,87,76,101,107,100,16,62,27,1" hai1="65,14,46,111,12,118,117,64,106,128,86,69,30" hai2="80,79,8,85,10,135,88,116,31,83,125,94,73" hai3="124,9,108,52,6,3,105,38,50,98,26,82,55"/><U70/><E86/><V113/><F116/><W91/><G108/><T78/><D134/><U102/><E46/><V25/><F135/><W104/><G38/><T42/><D1/><U109/><E102/><V21/><F125/><W49/><G124/><T24/><D107/><U92/><E92/><V96/><REACH who="2" step="1"/><F113/><REACH who="2" ten="90,389,281,230" step="2"/><W58/><G26/><T59/><D27/><U37/><E117/><V60/><F60/><W112/><G112/><T67/><D35/><U32/><E118/><V132/><F132/><W120/><G120/><T56/><D56/><U28/><E109/><V33/><F33/><W23/><G58/><T7/><D7/><U119/><E32/><V90/><AGARI ba="2,1" hai="8,10,21,25,31,73,79,80,83,85,88,90,94,96" machi="90" ten="20,8000,1" yaku="1,1,0,1,7,1,54,1,53,1" doraHai="13" doraHaiUra="95" who="2" fromWho="2" sc="90,-22,389,-42,281,96,230,-22" /><INIT seed="6,0,0,4,5,11" ten="68,347,377,208" oya="2" hai0="73,112,36,91,38,47,123,113,25,27,53,10,79" hai1="32,24,77,2,85,46,21,135,111,23,92,44,43" hai2="17,130,115,35,66,26,121,71,0,34,58,76,15" hai3="83,93,97,90,133,52,126,117,8,125,54,86,18"/><V98/><F121/><W72/><G117/><T88/><D123/><U60/><E111/><V131/><F115/><W50/><G133/><T49/><D79/><U55/><E2/><V67/><F76/><W120/><G72/><T13/><D73/><U70/><E135/><V61/><F0/><W30/><G30/><T12/><D10/><U101/><E32/><V29/><F35/><W42/><G42/><T39/><D53/><U5/><E5/><V110/><F110/><W82/><G82/><T62/><D62/><U114/><E114/><N who="0" m="44137" /><D49/><U119/><E119/><V4/><F4/><W41/><G41/><T74/><D74/><U103/><E70/><V87/><F87/><W84/><G84/><T59/><D59/><U108/><E60/><V124/><F124/><N who="3" m="47723" /><G50/><T37/><N who="0" m="9216" /><DORA hai="57" /><T28/><D47/><U63/><E85/><V64/><F71/><W65/><G65/><T31/><D28/><U134/><E46/><V127/><F127/><W56/><G56/><T1/><D1/><U20/><E44/><V107/><F67/><W69/><G69/><T14/><D31/><U33/><E43/><V99/><F64/><W128/><G120/><T100/><D100/><U40/><E103/><V19/><F66/><W6/><G54/><T45/><D45/><U95/><E55/><V80/><F58/><W116/><G52/><T106/><D106/><U68/><E68/><V109/><F107/><W94/><G8/><T9/><D9/><U132/><E40/><V89/><F109/><W104/><G104/><T118/><D118/><U102/><E108/><V75/><F29/><RYUUKYOKU ba="0,0" sc="68,30,347,-10,377,-10,208,-10" hai0="12,13,14,25,27,88,91" /><INIT seed="7,1,0,5,3,113" ten="98,337,367,198" oya="3" hai0="39,45,124,112,11,109,118,108,74,72,27,99,80" hai1="40,4,117,92,59,5,35,60,83,48,21,87,95" hai2="116,10,17,79,24,3,6,44,70,75,66,88,23" hai3="65,89,106,104,28,37,101,51,1,123,55,100,76"/><W132/><G1/><T68/><D112/><U105/><E105/><V67/><F116/><W129/><G37/><T58/><D124/><U91/><E35/><V86/><F70/><W38/><G38/><T135/><D135/><U13/><E117/><V33/><F44/><W120/><G76/><T22/><D118/><U49/><E4/><V122/><F122/><W9/><G9/><T134/><D134/><U47/><E49/><V36/><F36/><W85/><G132/><T84/><D68/><U130/><E130/><V34/><F79/><W82/><G28/><T62/><D108/><U57/><E57/><V19/><F75/><W31/><G31/><T107/><D109/><U53/><REACH who="1" step="1"/><E21/><REACH who="1" ten="98,327,367,198" step="2"/><V25/><F33/><W26/><G129/><T61/><D107/><U63/><E63/><V18/><F34/><W2/><G26/><T56/><D74/><U115/><E115/><V78/><F78/><W64/><G2/><T93/><D72/><U77/><E77/><V32/><F32/><W43/><G43/><T8/><D39/><U42/><E42/><V114/><F114/><W98/><G65/><T133/><D133/><U52/><E52/><V50/><F50/><W119/><G64/><N who="2" m="24617" /><F24/><W125/><G125/><T41/><D41/><U0/><E0/><V128/><F128/><W14/><G14/><T54/><D45/><U96/><E96/><V12/><F3/><W121/><G119/><T97/><D58/><U111/><E111/><V29/><F6/><W7/><G7/><T81/><D62/><U94/><E94/><AGARI ba="1,1" hai="10,12,17,18,19,23,25,29,86,88,94" m="24617" machi="94" ten="30,2000,0" yaku="8,1,54,1" doraHai="113" who="2" fromWho="1" sc="98,0,327,-23,367,33,198,0" owari="98,-40.2,304,10.4,400,50.0,198,-20.2" /></mjloggm>