<mjloggm ver="2.3"><GO type="169" lobby="0"/><UN n0="%E5%8D%83%E8%8D%89%E5%8F%B0" n1="%E3%81%82%E3%81%84%E3%81%93%E3%81%99" n2="%76%61%6C%6B%79%72%69%65" n3="%E9%AB%98%E6%A9%8B%E8%89%AF%E5%A4%AA" dan="17,16,17,16" rate="2125.17,2105.10,2160.28,2117.42" sx="M,M,F,M"/><TAIKYOKU oya="0"/><INIT seed="0,0,0,4,5,61" ten="250,250,250,250" oya="0" hai0="22,33,14,59,38,112,64,101,52,25,81,131,121" hai1="134,73,65,48,17,34,23,99,107,119,55,24,71" hai2="0,84,117,15,87,80,13,79,104,114,47,98,120" hai3="135,51,8,3,49,37,82,105,66,110,132,118,9"/><T125/><D38/><U123/><E123/><V4/><F120/><W72/><G118/><T128/><D121/><U36/><E119/><V133/><F114/><W88/><G37/><T58/><D112/><U68/><E36/><V108/><F117/><W115/><G115/><T91/><D101/><U44/><E73/><V75/><F133/><W19/><G105/><T6/><D33/><U74/><E74/><V97/><F108/><W20/><G72/><T60/><D125/><U50/><E34/><V103/><F97/><W32/><G32/><T11/><D81/><U45/><E134/><N who="3" m="51242" /><G66/><T35/><D91/><U2/><E65/><V83/><F47/><W122/><G122/><T41/><D41/><U18/><E2/><V69/><F69/><W127/><G127/><T124/><D35/><U92/><E17/><V126/><F126/><W54/><G3/><T109/><D109/><U93/><E93/><V21/><F75/><W10/><G54/><T96/><D96/><U85/><E85/><V12/><F21/><W63/><G63/><T89/><D89/><U77/><E77/><V100/><F100/><W39/><G39/><T95/><D95/><U28/><E107/><V62/><F62/><W30/><G30/><N who="0" m="17719" /><D124/><U7/><E28/><V27/><F27/><N who="3" m="14751" /><G110/><T5/><D5/><U67/><E7/><V16/><F0/><W53/><G53/><T31/><D31/><U86/><E67/><V106/><F4/><W130/><G130/><T1/><D1/><U78/><E71/><V29/><F106/><W46/><G46/><N who="1" m="18026" /><E68/><V94/><F104/><W76/><G76/><RYUUKYOKU ba="0,0" sc="250,15,250,-15,250,-15,250,15" hai0="6,11,14,52,58,59,60,64,128,131" hai3="8,9,10,49,51,82,88" /><INIT seed="0,1,0,3,3,21" ten="265,235,235,265" oya="0" hai0="12,131,69,58,110,8,55,135,34,29,31,105,6" hai1="43,40,65,85,18,111,36,123,27,4,61,125,128" hai2="82,56,71,79,25,5,59,74,81,46,19,134,38" hai3="86,35,127,89,53,42,101,23,103,118,83,7,116"/><T63/><D105/><U28/><E123/><V124/><F71/><W50/><G35/><T68/><D31/><U133/><E111/><V26/><F134/><W113/><G113/><T77/><D135/><U13/><E133/><V70/><F70/><W75/><G75/><T120/><D120/><U93/><E128/><V16/><F124/><W102/><G127/><T87/><D131/><U73/><E73/><V3/><F81/><W48/><G7/><T72/><D72/><U49/><E4/><V9/><F59/><W57/><G42/><T11/><D110/><U109/><E49/><V94/><F94/><W51/><REACH who="3" step="1"/><G23/><REACH who="3" ten="265,235,235,255" step="2"/><T47/><D11/><U108/><E43/><N who="2" m="22903" /><F56/><W107/><G107/><T130/><D130/><U106/><E40/><V17/><AGARI ba="1,1" hai="3,5,9,16,17,19,25,26,74,79,82" m="22903" machi="17" ten="30,7900,0" yaku="25,1,52,2,54,1" doraHai="21" who="2" fromWho="2" sc="265,-40,235,-21,235,92,255,-21" /><INIT seed="1,0,0,1,1,13" ten="225,214,327,234" oya="1" hai0="104,61,32,28,45,95,128,112,15,78,59,36,72" hai1="55,23,105,134,44,68,67,133,122,51,86,42,4" hai2="64,58,80,73,92,91,50,41,120,21,87,2,11" hai3="38,98,39,102,107,1,35,20,108,127,29,37,97"/><U8/><E122/><V119/><F119/><W74/><G74/><T14/><D104/><U100/><E100/><V109/><F120/><W111/><G20/><T121/><D121/><U0/><E105/><V65/><F109/><N who="3" m="42059" /><G97/><T69/><D69/><U82/><E55/><V19/><F11/><W70/><G1/><T12/><D112/><U46/><E44/><V57/><F2/><W22/><G22/><T79/><D72/><U81/><E23/><V40/><F73/><W43/><G127/><T106/><D106/><U62/><REACH who="1" step="1"/><E86/><REACH who="1" ten="225,204,327,234" step="2"/><V34/><F87/><W99/><G98/><T10/><D45/><U66/><E66/><V125/><F64/><W94/><G107/><T33/><D33/><U113/><E113/><V63/><F65/><W115/><G115/><T53/><D36/><U90/><E90/><V123/><F91/><W18/><G43/><T124/><D124/><U75/><E75/><V6/><F40/><W93/><G99/><T101/><D32/><U9/><E9/><V25/><F41/><W27/><G102/><T60/><D10/><U118/><E118/><V132/><F125/><W16/><G70/><T77/><D101/><U135/><AGARI ba="0,1" hai="0,4,8,42,46,51,62,67,68,81,82,133,134,135" machi="135" ten="30,6000,0" yaku="1,1,0,1,20,1,53,0" doraHai="13" doraHaiUra="84" who="1" fromWho="1" sc="225,-20,204,70,327,-20,234,-20" /><INIT seed="1,1,0,3,2,52" ten="205,274,307,214" oya="1" hai0="122,130,57,32,18,104,21,19,92,7,113,108,12" hai1="58,125,89,86,56,5,54,131,42,94,0,83,39" hai2="91,13,73,61,77,41,129,51,118,119,22,55,82" hai3="88,63,135,115,76,40,109,34,2,114,30,67,78"/><U105/><E105/><V120/><F120/><W81/><G2/><T71/><D71/><U68/><E68/><V37/><F37/><W99/><G40/><T16/><D104/><U33/><E33/><V10/><F129/><W116/><G109/><T103/><D32/><U59/><E131/><V50/><F22/><W134/><G30/><T31/><D108/><U9/><E125/><V100/><F100/><W112/><G34/><T47/><D47/><U15/><E0/><V44/><F61/><W36/><G36/><T132/><D130/><U11/><E11/><V110/><F91/><W3/><G3/><T65/><D113/><U25/><E25/><V28/><F28/><W123/><G123/><T121/><D121/><U79/><E42/><V66/><F66/><W53/><G53/><T96/><D122/><U1/><E39/><V8/><F8/><W24/><G24/><N who="0" m="16783" /><D132/><N who="3" m="50729" /><G116/><T29/><D29/><U62/><E1/><V17/><REACH who="2" step="1"/><F110/><REACH who="2" ten="205,274,297,214" step="2"/><W97/><G88/><T74/><D74/><AGARI ba="1,1" hai="5,9,15,54,56,58,59,62,74,79,83,86,89,94" machi="74" ten="30,11600,0" yaku="7,1,52,3" doraHai="52" who="1" fromWho="0" sc="205,-119,274,129,297,0,214,0" /><INIT seed="1,2,0,0,1,80" ten="86,403,297,214" oya="1" hai0="75,99,93,55,108,130,111,68,54,132,84,121,100" hai1="47,14,0,67,30,56,51,109,112,39,133,60,50" hai2="29,89,88,45,115,48,106,85,53,33,72,129,70" hai3="8,20,102,71,13,117,90,37,36,21,61,64,5"/><U92/><E112/><V105/><F72/><W12/><G117/><T6/><D68/><U77/><E0/><V86/><F115/><W25/><G102/><T110/><D75/><U82/><E133/><V52/><F70/><W94/><G12/><T83/><D132/><U26/><E109/><V69/><F69/><W43/><G43/><T114/><D114/><U126/><E126/><V18/><F129/><W104/><G104/><T128/><D121/><U96/><E14/><V41/><F105/><W87/><REACH who="3" step="1"/><G20/><REACH who="3" ten="86,403,297,204" step="2"/><T11/><D128/><U28/><E26/><V4/><F106/><W134/><G134/><T2/><REACH who="0" step="1"/><D130/><REACH who="0" ten="76,403,297,204" step="2"/><U32/><E32/><V44/><F33/><W98/><G98/><T97/><D97/><U46/><E39/><V66/><F29/><AGARI ba="2,2" hai="5,8,13,21,25,29,36,37,61,64,71,87,90,94" machi="29" ten="30,7700,0" yaku="1,1,7,1,52,1,53,1" doraHai="80" doraHaiUra="65" who="3" fromWho="2" sc="76,0,403,0,297,-83,204,103" /><INIT seed="2,0,0,4,4,121" ten="76,403,214,307" oya="2" hai0="92,94,12,101,72,114,49,62,43,55,53,5,36" hai1="135,86,3,75,42,37,4,18,9,68,80,120,100" hai2="66,71,132,29,107,31,20,104,96,67,13,47,46" hai3="45,131,35,123,59,73,133,81,21,0,16,27,40"/><V64/><F71/><W30/><G123/><T128/><D72/><U91/><E120/><V108/><F132/><W115/><G0/><T1/><D1/><U38/><E135/><V82/><F82/><W102/><G133/><T32/><D32/><U33/><E68/><V11/><F108/><W39/><G131/><T26/><D26/><U51/><E100/><V65/><N who="2" m="16384" /><DORA hai="63" /><V28/><F20/><W6/><G6/><T14/><D36/><U58/><E75/><V105/><F96/><W61/><G102/><T25/><D62/><U77/><E91/><V70/><F70/><W15/><G115/><T99/><D25/><U84/><E84/><V106/><N who="2" m="26624" /><DORA hai="52" /><V41/><F41/><W34/><G61/><T8/><D128/><U87/><E87/><V23/><F23/><W118/><G118/><T83/><D83/><U110/><E38/><V10/><F13/><W122/><G122/><T109/><D109/><U2/><E33/><V89/><F89/><W69/><G69/><T117/><D117/><U111/><E37/><V79/><F79/><W24/><G81/><T126/><D126/><U54/><E42/><V127/><F127/><W17/><G73/><T19/><D94/><U95/><E95/><V130/><F130/><W74/><G74/><T119/><D114/><U44/><E2/><V88/><F88/><W48/><G35/><T78/><D78/><U93/><E111/><V22/><F22/><N who="3" m="11551" /><G39/><T97/><D119/><U112/><E110/><V125/><F125/><W50/><G34/><T56/><D101/><U116/><E116/><V113/><F113/><RYUUKYOKU ba="0,0" sc="76,-10,403,-10,214,30,307,-10" hai2="10,11,28,29,31,46,47" /><INIT seed="2,1,0,5,2,37" ten="66,393,244,297" oya="2" hai0="44,101,81,3,2,112,71,125,6,80,0,117,122" hai1="108,96,54,4,73,19,56,36,116,58,98,114,79" hai2="27,135,91,45,123,32,111,115,110,41,78,103,127" hai3="119,102,120,39,21,12,82,1,106,25,51,92,8"/><V9/><F115/><W66/><G39/><T68/><D112/><U72/><E114/><V55/><F123/><W76/><G119/><T128/><D122/><U31/><E116/><V65/><F135/><W107/><G1/><T28/><D117/><U113/><E4/><V130/><F130/><W89/><G102/><T20/><D128/><U88/><E31/><N who="2" m="19583" /><F127/><W75/><G66/><T109/><D125/><U13/><E36/><N who="2" m="21671" /><F103/><W95/><G120/><T33/><D33/><U70/><E113/><V60/><F55/><W50/><G92/><T74/><D101/><U24/><E70/><N who="2" m="42279" /><F91/><W84/><G50/><T133/><D133/><U99/><E88/><V42/><F42/><W26/><G51/><T104/><D6/><U38/><E54/><V90/><F90/><W49/><G49/><T10/><D10/><U63/><E38/><V124/><F124/><W18/><REACH who="3" step="1"/><G25/><REACH who="3" ten="66,393,244,287" step="2"/><T43/><D43/><U53/><E24/><V16/><F111/><W83/><G83/><T40/><D81/><U77/><E108/><V5/><F110/><W132/><G132/><T48/><D109/><U34/><E63/><V15/><F78/><W30/><AGARI ba="1,1" hai="8,12,18,21,26,30,75,76,82,84,89,95,106,107" machi="30" ten="20,5200,0" yaku="1,1,0,1,7,1,53,1" doraHai="37" doraHaiUra="87" who="3" fromWho="3" sc="66,-14,393,-14,244,-27,287,65" /><INIT seed="3,0,0,5,3,72" ten="52,379,217,352" oya="3" hai0="75,23,110,26,107,87,80,45,21,69,95,13,33" hai1="132,129,99,10,125,42,39,52,100,96,36,5,38" hai2="103,41,92,58,14,82,70,112,117,67,32,7,126" hai3="91,59,106,85,118,35,49,101,57,130,102,46,86"/><W111/><G35/><T17/><D69/><U0/><E125/><V65/><F117/><W113/><G113/><T114/><D114/><U50/><E129/><V135/><F70/><W109/><G118/><T116/><D116/><U15/><E132/><V89/><F32/><W121/><G121/><T55/><D107/><U22/><E42/><V24/><F135/><W115/><G115/><T43/><D33/><U40/><E40/><V18/><F112/><W64/><G130/><T66/><D66/><U2/><E22/><V29/><F41/><N who="3" m="24783" /><G85/><T78/><D110/><N who="3" m="41993" /><G106/><T51/><D95/><U27/><E27/><V88/><F7/><W48/><G64/><T63/><D75/><U93/><REACH who="1" step="1"/><E96/><REACH who="1" ten="52,369,217,352" step="2"/><V133/><F126/><W97/><G97/><T124/><D124/><U12/><E12/><V8/><F133/><W105/><G105/><T74/><D74/><U11/><E11/><V47/><F14/><W34/><G34/><T104/><D104/><U44/><AGARI ba="0,1" hai="0,2,5,10,15,36,38,39,44,50,52,93,99,100" machi="44" ten="30,4000,0" yaku="1,1,0,1,54,1,53,0" doraHai="72" doraHaiUra="53" who="1" fromWho="1" sc="52,-10,369,50,217,-10,352,-20" /><INIT seed="4,0,0,2,2,116" ten="42,419,207,332" oya="0" hai0="81,68,114,71,79,87,15,26,91,1,10,3,104" hai1="69,32,93,129,2,94,128,100,18,66,74,98,8" hai2="121,103,110,90,124,24,30,135,109,13,92,88,5" hai3="51,21,97,34,49,48,6,120,16,53,80,108,76"/><T54/><D104/><U19/><E32/><V133/><F124/><W64/><G108/><T96/><D114/><U130/><E74/><V112/><F112/><W42/><G34/><T126/><D126/><U29/><E29/><V72/><F72/><W86/><G64/><T27/><D71/><U14/><E2/><V57/><F103/><W25/><G42/><T113/><D113/><U67/><E69/><V50/><F5/><W44/><G6/><T4/><D68/><U65/><E19/><V83/><F83/><W101/><REACH who="3" step="1"/><G120/><REACH who="3" ten="42,419,207,322" step="2"/><T111/><D111/><U118/><E118/><V40/><F121/><W33/><G33/><T77/><D3/><U117/><E117/><V132/><F110/><W28/><G28/><T85/><D1/><U84/><REACH who="1" step="1"/><E84/><REACH who="1" ten="42,409,207,322" step="2"/><V127/><F109/><W31/><G31/><T107/><D107/><AGARI ba="0,2" hai="8,14,18,65,66,67,93,94,98,100,107,128,129,130" machi="107" ten="50,6400,0" yaku="1,1,2,1,19,1,53,0" doraHai="116" doraHaiUra="105" who="1" fromWho="0" sc="42,-64,409,84,207,0,322,0" /><AGARI ba="0,0" hai="16,21,25,44,48,49,51,53,76,80,86,97,101,107" machi="107" ten="30,3900,0" yaku="1,1,7,1,54,1,53,0" doraHai="116" doraHaiUra="105" who="3" fromWho="0" sc="-22,-39,493,0,207,0,322,39" owari="-61,-56.1,493,59.3,207,-19.3,361,16.1" /></mjloggm>