<mjloggm ver="2.3"><GO type="169" lobby="0"/><UN n0="%E3%82%B6%E2%98%85%E3%82%B5%E3%83%B3%E3%83%9E%E9%81%93%E6%A5%BD" n1="%42%41%52%34" n2="%E3%82%B7%E3%83%A9%E3%80%82" n3="%50%6F%6F%48%65%3F" dan="17,16,17,17" rate="2223.98,2139.60,2233.30,2192.93" sx="M,M,M,F"/><TAIKYOKU oya="0"/><INIT seed="0,0,0,5,0,12" ten="250,250,250,250" oya="0" hai0="60,33,46,112,95,90,71,28,82,72,10,65,110" hai1="43,56,25,93,54,51,67,105,26,85,45,80,13" hai2="32,135,76,42,74,30,91,113,111,4,18,29,109" hai3="99,96,49,61,68,86,106,55,127,70,132,64,14"/><T62/><D112/><U2/><E2/><V35/><F42/><W53/><G127/><T97/><D110/><N who="2" m="41994" /><F91/><W7/><G132/><T108/><D108/><U117/><E117/><V3/><F76/><W73/><G73/><T124/><D124/><U63/><E105/><V24/><F74/><W123/><G123/><T87/><D72/><U131/><E131/><V47/><F47/><W39/><G39/><T31/><D33/><U129/><E93/><V81/><F81/><W118/><G118/><T77/><D46/><U6/><E129/><V89/><F89/><W120/><G70/><T92/><D62/><U52/><E54/><V128/><F128/><W20/><G106/><T130/><D130/><U88/><E43/><V21/><F135/><W122/><G86/><T58/><D71/><U75/><E75/><V116/><F113/><W11/><G55/><T37/><D37/><U19/><E6/><V27/><F116/><W107/><G107/><T5/><REACH who="0" step="1"/><D95/><REACH who="0" ten="240,250,250,250" step="2"/><U50/><REACH who="1" step="1"/><E51/><REACH who="1" ten="240,240,250,250" step="2"/><V48/><F48/><W15/><G120/><T69/><D69/><U126/><E126/><V17/><F35/><W101/><G122/><T22/><D22/><AGARI ba="0,2" hai="13,19,22,25,26,45,50,52,56,63,67,80,85,88" machi="22" ten="30,12000,2" yaku="1,1,7,1,8,1,52,1,54,2,53,0" doraHai="12" doraHaiUra="98" who="1" fromWho="0" sc="240,-120,240,140,250,0,250,0" /><INIT seed="1,0,0,5,1,104" ten="120,380,250,250" oya="1" hai0="51,86,126,71,73,26,132,83,76,84,106,92,55" hai1="30,40,127,12,118,129,72,10,89,66,96,33,22" hai2="52,27,117,116,46,19,105,16,110,130,88,65,133" hai3="31,80,94,0,48,111,2,112,98,119,14,134,8"/><U128/><E33/><V34/><F105/><W59/><G112/><T81/><D106/><U53/><E66/><V70/><F70/><W85/><G31/><T42/><D132/><U87/><E96/><V21/><F65/><W123/><G123/><T50/><D126/><U37/><E37/><V109/><F34/><W102/><G111/><N who="2" m="42505" /><F19/><W95/><G95/><T82/><D92/><U5/><E40/><V122/><F122/><W6/><G119/><T25/><D71/><U38/><E38/><V56/><F133/><W57/><G134/><T90/><D42/><U101/><E101/><V124/><F46/><W17/><G48/><T45/><REACH who="0" step="1"/><D51/><REACH who="0" ten="110,380,250,250" step="2"/><U93/><E127/><V35/><F124/><W91/><REACH who="3" step="1"/><G0/><REACH who="3" ten="110,380,250,240" step="2"/><T74/><D74/><U47/><E72/><V20/><F117/><W58/><G58/><T11/><D11/><AGARI ba="0,2" hai="2,6,8,11,14,17,57,59,80,85,91,94,98,102" machi="11" ten="30,2000,0" yaku="1,1,7,1,53,0" doraHai="104" doraHaiUra="36" who="3" fromWho="0" sc="110,-20,380,0,250,0,240,40" /><INIT seed="2,0,0,5,2,73" ten="90,380,250,280" oya="2" hai0="64,111,68,93,41,34,78,67,22,0,69,49,53" hai1="80,91,126,112,18,44,129,10,128,58,19,11,16" hai2="108,102,39,1,100,85,6,124,115,65,7,50,9" hai3="99,12,37,57,51,35,70,120,119,3,79,38,59"/><V32/><F115/><W4/><G3/><T89/><D34/><U20/><E112/><V116/><F116/><W28/><G70/><T74/><D0/><U133/><E126/><V27/><F39/><W105/><G35/><T104/><D104/><U83/><E20/><V54/><F124/><W47/><G28/><T92/><D41/><U31/><E31/><V109/><F65/><W43/><G120/><T106/><D106/><U42/><E58/><V61/><F7/><W101/><G119/><T88/><D22/><U132/><E44/><V114/><F114/><W33/><G33/><T107/><D107/><U29/><E29/><N who="2" m="19519" /><F85/><W113/><G113/><T87/><D111/><N who="2" m="42570" /><F61/><W45/><G37/><T23/><D23/><U48/><E48/><V86/><F86/><W117/><G117/><T131/><D131/><N who="1" m="50251" /><E42/><V14/><F1/><W26/><G38/><T46/><D67/><U98/><E91/><V90/><F90/><W13/><G45/><AGARI ba="0,0" hai="6,9,14,45,50,54,100,102" m="42570,19519" machi="45" ten="30,2900,0" yaku="14,1,10,1" doraHai="73" who="2" fromWho="3" sc="90,0,380,0,250,29,280,-29" /><INIT seed="2,1,0,4,1,93" ten="90,380,279,251" oya="2" hai0="116,57,71,123,5,70,108,101,76,50,104,89,87" hai1="65,86,15,48,53,77,18,66,67,117,64,14,91" hai2="11,47,125,2,20,24,23,54,4,103,27,79,128" hai3="112,9,62,121,10,113,55,105,131,22,52,127,100"/><V3/><F79/><W26/><G121/><T44/><D123/><U49/><E117/><V17/><F103/><W39/><G39/><T92/><D116/><U29/><E77/><V60/><F60/><W41/><G41/><T34/><D108/><U132/><E67/><V1/><F54/><N who="3" m="20523" /><G127/><T84/><D57/><U8/><E29/><V6/><F47/><W63/><G131/><T13/><D34/><U43/><E43/><V51/><F51/><W110/><G110/><T31/><D31/><U106/><E106/><V95/><F95/><W42/><G42/><T7/><D7/><N who="2" m="2602" /><F128/><W133/><G133/><T120/><D120/><U81/><E132/><V45/><F45/><W72/><G72/><T130/><D130/><U78/><E53/><V30/><F125/><W111/><G62/><T119/><D119/><U107/><E107/><V129/><F129/><W36/><G36/><T97/><D50/><U68/><E68/><V58/><F58/><W90/><G90/><T115/><D44/><U33/><E78/><V16/><F30/><N who="3" m="17751" /><G63/><T94/><D115/><N who="3" m="44105" /><G111/><T12/><D76/><U85/><E49/><V83/><F83/><W98/><AGARI ba="1,0" hai="9,10,98,100,105" m="44105,17751,20523" machi="98" ten="30,4000,0" yaku="11,1,52,1,54,1" doraHai="93" who="3" fromWho="3" sc="90,-11,380,-11,279,-21,251,43" /><INIT seed="3,0,0,5,4,66" ten="79,369,258,294" oya="3" hai0="105,39,82,73,87,127,21,74,22,75,122,68,5" hai1="35,85,8,78,59,56,90,121,94,98,15,76,101" hai2="40,69,41,134,81,6,64,79,0,32,107,25,77" hai3="84,96,18,44,23,125,65,46,62,19,135,106,93"/><W10/><G135/><T11/><D122/><U109/><E109/><V48/><F134/><W42/><G125/><T43/><D105/><U83/><E35/><V132/><F132/><W111/><G106/><T67/><D127/><U110/><E110/><V100/><F79/><N who="1" m="30249" /><E121/><V129/><F129/><W116/><G116/><T36/><D22/><U47/><E47/><V12/><F12/><W58/><G111/><T102/><D21/><U16/><AGARI ba="0,0" hai="8,15,16,56,59,83,85,90,94,98,101" m="30249" machi="16" ten="30,2000,0" yaku="8,1,54,1" doraHai="66" who="1" fromWho="1" sc="79,-5,369,20,258,-5,294,-10" /><INIT seed="4,0,0,2,3,135" ten="74,389,253,284" oya="0" hai0="33,58,70,7,41,92,50,122,47,45,84,37,86" hai1="100,72,13,98,129,42,61,63,22,67,9,106,59" hai2="91,71,103,120,121,39,15,131,79,10,12,56,89" hai3="119,20,29,51,101,115,0,132,3,130,55,109,27"/><T66/><D122/><U64/><E72/><V83/><F71/><W31/><G119/><T11/><D33/><U44/><E22/><V112/><F39/><W77/><G109/><T6/><D47/><U108/><E129/><V17/><F131/><W53/><G130/><T113/><D113/><U60/><E108/><V23/><F112/><W118/><G118/><T5/><D11/><U24/><E24/><V48/><F103/><W28/><G132/><T25/><D25/><U93/><E106/><V32/><F32/><W111/><G111/><T65/><D65/><U73/><E73/><V125/><F125/><W134/><G134/><T110/><D110/><U94/><E94/><V126/><F126/><W34/><G34/><T16/><D16/><U107/><E107/><V123/><F48/><W75/><G101/><T18/><D18/><U43/><E44/><V40/><F56/><W14/><G14/><T49/><D49/><U105/><E105/><V8/><F40/><N who="1" m="15401" /><E59/><V36/><F23/><W4/><G115/><T78/><D78/><U128/><E128/><V69/><F69/><W1/><G4/><AGARI ba="0,0" hai="4,9,13,60,61,63,64,67,93,98,100" m="15401" machi="4" ten="30,1000,0" yaku="8,1" doraHai="135" who="1" fromWho="3" sc="74,0,389,10,253,0,284,-10" /><INIT seed="5,0,0,1,5,86" ten="74,399,253,274" oya="1" hai0="67,29,27,4,75,96,82,62,50,48,104,39,38" hai1="64,8,1,40,123,25,125,77,57,66,23,127,61" hai2="15,76,81,58,21,68,92,134,17,118,2,100,78" hai3="93,20,46,129,108,88,36,98,33,84,112,26,94"/><U126/><E123/><V114/><F134/><W7/><G108/><T12/><D4/><N who="1" m="1039" /><E77/><V3/><F118/><W47/><G33/><T115/><D115/><U135/><E40/><V124/><F124/><W73/><G73/><T132/><D132/><U133/><E64/><V28/><F68/><W101/><G112/><T22/><D50/><U9/><E9/><V117/><F117/><W121/><G121/><T56/><D12/><U71/><E71/><V19/><F114/><W83/><G129/><T85/><D75/><U6/><E6/><V131/><F131/><W95/><G7/><T59/><D104/><U110/><E110/><V106/><F106/><W60/><G60/><T113/><D113/><U72/><E72/><V119/><F119/><W87/><G36/><T37/><D96/><U32/><E32/><V10/><F28/><AGARI ba="0,0" hai="23,25,28,57,61,66,125,126,127,133,135" m="1039" machi="28" ten="30,1500,0" yaku="18,1" doraHai="86" who="1" fromWho="2" sc="74,0,399,15,253,-15,274,0" /><INIT seed="5,1,0,1,4,34" ten="74,414,238,274" oya="1" hai0="125,76,52,23,130,93,75,133,118,89,134,132,48" hai1="109,114,22,17,15,5,53,19,20,65,54,38,78" hai2="91,18,82,66,29,108,99,110,35,86,41,74,123" hai3="32,131,57,49,92,50,31,68,95,116,128,16,103"/><U67/><E114/><V45/><F123/><W84/><G68/><T11/><D118/><U102/><E38/><V113/><F113/><W80/><G116/><T46/><D23/><U112/><E5/><V60/><F74/><W69/><G69/><T39/><D75/><U111/><E112/><V117/><F117/><W37/><G37/><T6/><D76/><U98/><E78/><V27/><F18/><W135/><G135/><T47/><D130/><N who="3" m="49705" /><G31/><T122/><D125/><U129/><E129/><V10/><F10/><W88/><G32/><T13/><D122/><U25/><E65/><V71/><REACH who="2" step="1"/><F99/><REACH who="2" ten="74,414,228,274" step="2"/><N who="3" m="59879" /><G16/><T79/><D79/><U120/><E120/><V124/><F124/><W14/><G14/><T2/><D39/><AGARI ba="1,1" hai="27,29,35,39,41,45,60,66,71,82,86,91,108,110" machi="39" ten="30,2000,0" yaku="1,1,7,1,53,0" doraHai="34" doraHaiUra="115" who="2" fromWho="0" sc="74,-23,414,0,228,33,274,0" /><INIT seed="6,0,0,1,4,17" ten="51,414,261,274" oya="2" hai0="106,120,67,128,97,77,114,117,81,88,102,75,53" hai1="60,19,10,5,14,107,92,15,104,118,121,34,95" hai2="70,4,66,51,84,63,96,79,16,50,39,111,89" hai3="115,124,61,98,110,91,112,99,129,125,43,27,78"/><V93/><F111/><W74/><G43/><T0/><D0/><U44/><E34/><V76/><F39/><W37/><G37/><T36/><D36/><U55/><E118/><V134/><F134/><W7/><G7/><T131/><D67/><U130/><E95/><V6/><F6/><W133/><G61/><T126/><D53/><U33/><E33/><V46/><F4/><W8/><G8/><T64/><D64/><U56/><E130/><V113/><F113/><N who="3" m="43595" /><G27/><T109/><D114/><U103/><E44/><V20/><F96/><W85/><G133/><T48/><D48/><U83/><E83/><V22/><F51/><W100/><G129/><N who="0" m="49739" /><D109/><U9/><E121/><V41/><REACH who="2" step="1"/><F22/><REACH who="2" ten="51,414,251,274" step="2"/><W29/><G110/><T135/><D135/><U25/><E5/><V72/><F72/><W12/><G74/><T42/><D120/><U122/><E9/><V52/><F52/><W94/><G98/><N who="0" m="61783" /><D42/><U38/><E10/><V86/><F86/><W35/><G85/><T58/><D58/><U119/><E122/><V87/><F87/><W3/><G99/><T2/><D2/><U49/><E49/><V13/><AGARI ba="0,1" hai="13,16,20,41,46,50,63,66,70,76,79,84,89,93" machi="13" ten="20,12000,1" yaku="1,1,0,1,7,1,52,1,54,1,53,0" doraHai="17" doraHaiUra="23" who="2" fromWho="2" sc="51,-40,414,-40,251,130,274,-40" /><INIT seed="6,1,0,0,4,79" ten="11,374,381,234" oya="2" hai0="53,104,21,83,78,0,30,72,3,2,121,85,54" hai1="106,34,86,107,93,52,110,126,117,47,80,125,87" hai2="95,103,129,96,14,76,59,12,67,37,17,6,56" hai3="97,44,65,73,16,36,9,58,131,41,18,46,7"/><V55/><F129/><W10/><G131/><T113/><D121/><U100/><E34/><V51/><F37/><W15/><G73/><T49/><D104/><U120/><E120/><V20/><F76/><W75/><G75/><T134/><D134/><U84/><E110/><V63/><REACH who="2" step="1"/><F6/><REACH who="2" ten="11,374,371,234" step="2"/><W69/><G69/><T26/><D113/><U132/><E132/><V27/><AGARI ba="1,1" hai="12,14,17,20,27,51,55,56,59,63,67,95,96,103" machi="27" ten="20,12000,1" yaku="1,1,2,1,0,1,7,1,8,1,53,0" doraHai="79" doraHaiUra="112" who="2" fromWho="2" sc="11,-41,374,-41,371,133,234,-41" owari="-30,-53.0,333,13.3,504,60.4,193,-20.7" /></mjloggm>