<mjloggm ver="2.3"><GO type="169" lobby="0"/><UN n0="%53%79%6E%61%70%53%65%51" n1="%E6%AF%94%E5%98%89%E7%A7%80%E4%BB%81" n2="%E3%83%90%E3%82%AD" n3="%42%41%52%34" dan="16,16,16,16" rate="2081.02,2116.32,2180.07,2139.00" sx="M,M,M,M"/><TAIKYOKU oya="0"/><INIT seed="0,0,0,2,0,128" ten="250,250,250,250" oya="0" hai0="21,115,119,79,91,120,97,41,45,27,58,83,39" hai1="42,84,15,44,38,13,54,134,0,18,121,29,122" hai2="86,101,70,113,20,111,67,28,105,103,31,33,96" hai3="118,17,98,94,30,64,36,49,114,48,47,63,85"/><T10/><D10/><BYE who="0" /><UN n0="%53%79%6E%61%70%53%65%51" /><U130/><E0/><V56/><F113/><W88/><G114/><T80/><D115/><U52/><E130/><V16/><F111/><W46/><G118/><T11/><D119/><U99/><E29/><V133/><F133/><W131/><G131/><T87/><D120/><U50/><E134/><V132/><F132/><W107/><G30/><T89/><D11/><U77/><E99/><V14/><F33/><W51/><G36/><T110/><D110/><U82/><E15/><V106/><F70/><W65/><G65/><T124/><D124/><U127/><E127/><V74/><F74/><W59/><G107/><T123/><D123/><U34/><E34/><V40/><F40/><W26/><G85/><T37/><D58/><U24/><E24/><V60/><REACH who="2" step="1"/><F86/><REACH who="2" ten="250,250,240,250" step="2"/><W116/><G116/><T25/><D97/><AGARI ba="0,1" hai="14,16,20,28,31,56,60,67,96,97,101,103,105,106" machi="97" ten="40,8000,1" yaku="1,1,2,1,9,1,54,1,53,0" doraHai="128" doraHaiUra="35" who="2" fromWho="0" sc="250,-80,250,0,240,90,250,0" /><INIT seed="1,0,0,0,4,128" ten="170,250,330,250" oya="1" hai0="51,38,121,118,135,34,126,109,86,81,60,130,25" hai1="16,127,112,9,50,111,97,78,39,55,95,19,101" hai2="125,10,22,11,115,63,75,67,66,61,65,71,123" hai3="72,44,40,114,116,132,122,106,46,45,119,87,85"/><U77/><E112/><V74/><F123/><W117/><G72/><T84/><D118/><U23/><E39/><V73/><F115/><W32/><G114/><T70/><D121/><U6/><E127/><V52/><F125/><W56/><G122/><T53/><D38/><U107/><E107/><V2/><F2/><W88/><G106/><T5/><D126/><U102/><E102/><V90/><F90/><W31/><G87/><T69/><D130/><U133/><E111/><V7/><F7/><W37/><G132/><T1/><D109/><U28/><E28/><V96/><F96/><W131/><G131/><T21/><D34/><U4/><E133/><V98/><F98/><W17/><G17/><N who="1" m="6730" /><E23/><V41/><F22/><W94/><REACH who="3" step="1"/><G56/><REACH who="3" ten="170,250,330,240" step="2"/><T24/><D135/><U76/><E9/><V27/><F75/><W99/><G99/><T93/><D70/><U59/><AGARI ba="0,1" hai="4,6,50,55,59,76,77,78,95,97,101" m="6730" machi="59" ten="30,3000,0" yaku="8,1,54,1" doraHai="128" who="1" fromWho="1" sc="170,-10,250,40,330,-10,240,-10" /><INIT seed="1,1,0,1,4,40" ten="160,290,320,230" oya="1" hai0="5,74,72,61,90,122,9,29,56,82,0,13,116" hai1="69,97,135,96,89,118,49,124,113,129,123,32,107" hai2="42,130,80,95,106,47,63,87,110,51,115,100,73" hai3="15,76,46,134,81,127,35,52,71,44,78,85,34"/><U41/><RYUUKYOKU type="yao9" ba="1,0" sc="160,0,290,0,320,0,230,0" hai1="32,41,49,69,89,96,97,107,113,118,123,124,129,135" /><INIT seed="1,2,0,2,2,26" ten="160,290,320,230" oya="1" hai0="42,35,111,100,98,99,7,57,135,82,59,103,45" hai1="55,74,0,51,134,18,92,102,116,38,39,13,64" hai2="131,60,37,61,88,105,118,122,5,65,127,86,130" hai3="17,97,32,46,125,58,15,8,90,124,119,110,132"/><U56/><E116/><V40/><F118/><W53/><G32/><T20/><D35/><U29/><E0/><V91/><F122/><W10/><G119/><T123/><D123/><U2/><E2/><V128/><F105/><W126/><G110/><T23/><D111/><U115/><E115/><V47/><F127/><W31/><G132/><T16/><D135/><U62/><E74/><V80/><F5/><W120/><G120/><T71/><D71/><U121/><E121/><V79/><REACH who="2" step="1"/><F60/><REACH who="2" ten="160,290,310,230" step="2"/><N who="3" m="35919" /><G126/><T78/><D7/><U19/><E134/><V6/><F6/><W96/><G125/><T36/><D23/><U4/><E4/><V70/><AGARI ba="2,1" hai="37,40,47,61,65,70,79,80,86,88,91,128,130,131" machi="70" ten="30,8000,1" yaku="1,1,0,1,19,1,54,1,53,1" doraHai="26" doraHaiUra="69" who="2" fromWho="2" sc="160,-22,290,-42,310,96,230,-22" /><INIT seed="2,0,0,1,5,111" ten="138,248,406,208" oya="2" hai0="116,92,83,98,94,14,102,36,3,11,79,44,23" hai1="34,24,53,43,68,74,78,8,56,31,87,48,69" hai2="106,112,0,117,22,89,131,84,114,75,125,130,26" hai3="107,95,134,120,81,73,99,46,1,58,60,10,129"/><V47/><F0/><W90/><G120/><T27/><D116/><U40/><E74/><V97/><F117/><W91/><G1/><T54/><D3/><U126/><E126/><V28/><F75/><W18/><G107/><T100/><D36/><U16/><E69/><V4/><F4/><W104/><G104/><T67/><D67/><U52/><E68/><V76/><F76/><W5/><G5/><T85/><D44/><U77/><E53/><V12/><F12/><W62/><G58/><T45/><D45/><U38/><E38/><V135/><F135/><W6/><G6/><T108/><D54/><U133/><E133/><V86/><F125/><W64/><G64/><T121/><D121/><U119/><E119/><V110/><F110/><W72/><G18/><T115/><D108/><U2/><E2/><V88/><F47/><W51/><G10/><T33/><D33/><U122/><E122/><V124/><F124/><W50/><G81/><T123/><D123/><U7/><E7/><V66/><F66/><W105/><G105/><T20/><D115/><N who="2" m="44074" /><F97/><W37/><G99/><N who="0" m="59495" /><D27/><U113/><E113/><V93/><F106/><W17/><G46/><T21/><D11/><U127/><E127/><V82/><F82/><W96/><G96/><T57/><D57/><U29/><E77/><V13/><F13/><AGARI ba="0,0" hai="13,14,20,21,23,79,83,85,94,98,102" m="59495" machi="13" ten="30,1000,0" yaku="8,1" doraHai="111" who="0" fromWho="2" sc="138,10,248,0,406,-10,208,0" /><INIT seed="3,0,0,3,4,2" ten="148,248,396,208" oya="3" hai0="18,129,119,25,69,22,31,54,9,38,101,45,97" hai1="98,71,43,133,79,0,23,115,63,21,57,28,51" hai2="27,120,124,4,50,68,56,24,95,1,81,125,70" hai3="58,102,94,82,36,128,104,90,107,106,134,131,66"/><W61/><G36/><T64/><D119/><U49/><E71/><V111/><F111/><W114/><G114/><T105/><D129/><N who="3" m="49737" /><G82/><T117/><D117/><U3/><E115/><V12/><F1/><W46/><G46/><T110/><D110/><U135/><E79/><V96/><F81/><W35/><G35/><T62/><D9/><U83/><E83/><V7/><F120/><W6/><G134/><N who="1" m="51210" /><E98/><V127/><F70/><W20/><G20/><N who="1" m="7754" /><E28/><V33/><F68/><W93/><G93/><T99/><D99/><U65/><E43/><V130/><F33/><W39/><G6/><N who="2" m="2089" /><F130/><W123/><G39/><T118/><D118/><U109/><E109/><V40/><F40/><W29/><G29/><T26/><D31/><U72/><E72/><V37/><F37/><W8/><G8/><T60/><D38/><U116/><E116/><V108/><F108/><W53/><G123/><T59/><REACH who="0" step="1"/><D45/><REACH who="0" ten="138,248,396,208" step="2"/><U77/><E0/><V84/><F96/><N who="3" m="57431" /><G102/><T113/><D113/><U14/><E3/><V85/><F127/><W55/><AGARI ba="0,1" hai="53,55,58,61,66,104,106,107" m="57431,49737" machi="55" ten="40,2100,0" yaku="19,1" doraHai="2" who="3" fromWho="3" sc="138,-7,248,-7,396,-7,208,31" /><INIT seed="3,1,0,4,4,7" ten="131,241,389,239" oya="3" hai0="39,27,66,31,119,35,65,103,48,106,43,34,5" hai1="9,36,37,135,109,26,38,90,73,29,81,89,18" hai2="8,94,130,74,98,121,10,54,87,101,19,22,1" hai3="41,52,93,16,55,63,58,88,107,118,125,71,112"/><W127/><G107/><T72/><D39/><U70/><E70/><V110/><F74/><W96/><G112/><T12/><D72/><U69/><E69/><V108/><F130/><W105/><G118/><T83/><D119/><U14/><E135/><V62/><F121/><W45/><G71/><T78/><D35/><U60/><E60/><V91/><F1/><W114/><G114/><T113/><D113/><U100/><E100/><V76/><F76/><W33/><G33/><T124/><D124/><N who="3" m="47689" /><G105/><T79/><D103/><U111/><E73/><V42/><F42/><W68/><G68/><T123/><D106/><U75/><E75/><V116/><F116/><W28/><G28/><T95/><D123/><U120/><E120/><V85/><F110/><N who="1" m="41993" /><E81/><V15/><F108/><W23/><G58/><T61/><D95/><U131/><E131/><V2/><F2/><W117/><G63/><T126/><D126/><U82/><E82/><N who="2" m="49591" /><F87/><W11/><G11/><T17/><D5/><U97/><E97/><V6/><F6/><W20/><G20/><AGARI ba="1,0" hai="9,14,18,20,26,29,36,37,38,89,90" m="41993" machi="20" ten="40,2600,0" yaku="14,1,52,1" doraHai="7" who="1" fromWho="3" sc="131,0,241,29,389,0,239,-29" /><INIT seed="4,0,0,5,0,46" ten="131,270,389,210" oya="0" hai0="14,110,35,94,86,52,118,37,95,103,28,93,91" hai1="128,135,129,70,109,77,38,7,73,74,68,131,123" hai2="104,115,79,111,125,88,31,84,63,55,132,19,72" hai3="5,67,29,24,71,21,23,11,113,126,41,101,100"/><T133/><D118/><U57/><E123/><V4/><F111/><W25/><G71/><T102/><D37/><U127/><E109/><V1/><F104/><W62/><G113/><T26/><D133/><U48/><E135/><V34/><F132/><W50/><G126/><T6/><D110/><U61/><E127/><V49/><F125/><W8/><G41/><T53/><D6/><U117/><E117/><V78/><F115/><W54/><G62/><T69/><D69/><N who="1" m="26731" /><E38/><V32/><F63/><W9/><G5/><T3/><D3/><U87/><E7/><V107/><F107/><W51/><G67/><T43/><D43/><U47/><E87/><V97/><F97/><W105/><G105/><T75/><D75/><U99/><E99/><V112/><F112/><W85/><G85/><T30/><D30/><U36/><E36/><V16/><F72/><W66/><G66/><T130/><D14/><U20/><E20/><V81/><F1/><W60/><G60/><T27/><D27/><U42/><E77/><V89/><F79/><W15/><G15/><T76/><D76/><U121/><E121/><V82/><F4/><W114/><G114/><T56/><D53/><AGARI ba="0,0" hai="42,47,48,53,57,61,73,74,128,129,131" m="26731" machi="53" ten="40,2600,0" yaku="19,1,52,1" doraHai="46" who="1" fromWho="0" sc="131,-26,270,26,389,0,210,0" /><INIT seed="5,0,0,1,0,85" ten="105,296,389,210" oya="1" hai0="94,39,46,36,3,5,126,18,117,14,101,104,11" hai1="6,111,90,130,79,13,93,45,123,100,71,128,16" hai2="69,56,55,74,31,52,64,44,20,30,67,68,87" hai3="118,110,63,83,105,99,38,112,28,116,127,47,95"/><U9/><E123/><V81/><F74/><W80/><G38/><T103/><D117/><N who="3" m="45161" /><G105/><T131/><D131/><N who="1" m="50219" /><E71/><V58/><F44/><W92/><G28/><T98/><D126/><U29/><E29/><N who="2" m="10763" /><F20/><W24/><G24/><T12/><D3/><U120/><E120/><V59/><F69/><W53/><G63/><T84/><D46/><U66/><E66/><N who="2" m="25131" /><F68/><W107/><G53/><T125/><D125/><U78/><E100/><V72/><F72/><W15/><G107/><T102/><D102/><U75/><E75/><V48/><F48/><W17/><G47/><T0/><D0/><N who="1" m="199" /><E45/><V19/><F19/><W115/><G127/><T108/><D108/><U134/><E111/><V89/><AGARI ba="0,0" hai="52,55,56,58,59,81,87,89" m="25131,10763" machi="89" ten="30,4000,0" yaku="8,1,52,1,54,1" doraHai="85" who="2" fromWho="2" sc="105,-10,296,-20,389,40,210,-10" /><INIT seed="6,0,0,1,3,133" ten="95,276,429,200" oya="2" hai0="134,111,110,123,10,35,100,9,91,70,18,121,59" hai1="66,60,125,97,115,118,79,128,126,68,69,43,27" hai2="11,88,46,106,1,25,48,135,85,90,109,30,3" hai3="17,112,65,6,33,47,107,57,58,80,64,34,16"/><V0/><F106/><W77/><G107/><T113/><D70/><U116/><E79/><V92/><F135/><W105/><G105/><T8/><D100/><U96/><E115/><V53/><F109/><N who="0" m="41482" /><D59/><U101/><E128/><V50/><F50/><W95/><G6/><T15/><D91/><U81/><E81/><V37/><F37/><W61/><G95/><T72/><D72/><U132/><E132/><V5/><REACH who="2" step="1"/><F90/><REACH who="2" ten="95,276,419,200" step="2"/><W45/><G112/><T12/><D134/><U36/><E36/><V62/><F62/><W119/><G61/><T131/><D113/><U26/><E60/><V22/><AGARI ba="0,1" hai="0,1,3,5,11,22,25,30,46,48,53,85,88,92" machi="22" ten="20,12000,1" yaku="1,1,0,1,7,1,54,1,53,1" doraHai="133" doraHaiUra="23" who="2" fromWho="2" sc="95,-40,276,-40,419,130,200,-40" /><INIT seed="6,1,0,2,1,25" ten="55,236,549,160" oya="2" hai0="69,67,105,134,104,109,22,100,35,78,44,33,124" hai1="115,9,99,112,18,119,130,34,101,39,54,126,82" hai2="11,12,129,116,108,66,21,62,17,55,113,29,13" hai3="37,5,79,93,107,131,30,16,70,0,96,83,42"/><V132/><F116/><W106/><G70/><T98/><D109/><U36/><E119/><V73/><F73/><W56/><G56/><T110/><D110/><U118/><E118/><V84/><F108/><W52/><G131/><T1/><D1/><U10/><E130/><V92/><F129/><W86/><G37/><T47/><D134/><U121/><E121/><V111/><F55/><W20/><G42/><T59/><D69/><U6/><E126/><V102/><F113/><W125/><G0/><T89/><D105/><U19/><E34/><V80/><F132/><W53/><G5/><T27/><D124/><U94/><E82/><V97/><F29/><W71/><G71/><T76/><D89/><U103/><E54/><V122/><F122/><W88/><G125/><T133/><D133/><U64/><E64/><V51/><F51/><W43/><G43/><T127/><D33/><U95/><E6/><V23/><F12/><W85/><G30/><T90/><D35/><U117/><E117/><V114/><F114/><W14/><REACH who="3" step="1"/><G107/><REACH who="3" ten="55,236,549,150" step="2"/><T58/><D127/><U40/><E40/><V28/><F28/><W32/><G32/><T60/><D58/><U75/><E36/><V65/><F111/><W38/><G38/><T4/><D4/><U123/><E39/><V87/><F66/><W3/><G3/><T50/><D47/><U61/><E123/><V74/><F65/><W46/><G46/><T77/><D44/><U2/><E2/><V48/><F17/><W49/><G49/><T120/><D120/><U15/><E115/><V57/><F48/><W45/><G45/><RYUUKYOKU ba="1,1" sc="55,-10,236,-10,549,-10,150,30" hai3="14,16,20,52,53,79,83,85,86,88,93,96,106" /><INIT seed="7,2,1,3,1,52" ten="45,226,539,180" oya="3" hai0="104,9,43,64,124,63,86,25,5,79,116,45,95" hai1="129,19,123,49,46,102,47,83,69,11,87,21,8" hai2="89,105,132,101,100,113,67,15,62,65,74,24,110" hai3="118,61,26,33,122,17,133,119,41,93,34,108,70"/><W99/><G122/><T32/><D116/><U106/><E123/><V103/><F110/><W72/><G72/><T37/><D104/><U97/><E69/><V77/><F113/><W16/><G108/><T29/><D124/><U56/><E56/><V98/><F67/><W76/><G76/><T121/><D121/><U13/><E129/><V39/><F39/><W51/><G133/><T36/><D36/><U111/><E111/><V91/><F132/><W107/><G107/><T126/><D126/><U112/><E112/><V80/><F24/><W131/><G131/><T48/><D37/><U18/><E18/><V78/><F78/><W60/><G51/><T127/><D127/><U4/><E49/><V73/><F73/><W75/><G41/><T53/><D53/><U88/><E11/><V130/><F130/><W68/><G75/><T81/><D95/><U135/><E135/><V94/><F15/><AGARI ba="2,1" hai="4,8,13,15,19,21,46,47,83,87,88,97,102,106" machi="15" ten="30,2000,0" yaku="7,1,54,1" doraHai="52" who="1" fromWho="2" sc="45,0,226,36,539,-26,180,0" owari="45,-45.5,262,6.2,513,61.3,180,-22.0" /></mjloggm>