<mjloggm ver="2.3"><GO type="169" lobby="0"/><UN n0="%E3%83%9F%E3%83%8D%E3%83%A9%E3%83%AB" n1="%E4%BF%BA%E3%82%AF%E3%83%A9%E3%82%B9%E3%81%AF%E3%83%80%E3%83%9E%EF%BC%81" n2="%E3%82%B9%E3%83%86%E3%82%A3%E3%83%AB%E3%82%A4%E3%83%B3%E3%83%A9%E3%83%B4" n3="%6D%61%74%6F%30%36%30%33" dan="18,16,16,18" rate="2259.77,2134.02,2117.71,2237.35" sx="M,M,M,M"/><TAIKYOKU oya="0"/><INIT seed="0,0,0,4,2,55" ten="250,250,250,250" oya="0" hai0="82,125,3,6,68,21,27,90,28,119,56,34,87" hai1="91,85,30,113,69,86,95,94,109,120,36,31,11" hai2="52,74,116,83,107,43,15,64,57,73,25,124,50" hai3="41,45,88,19,18,104,114,61,121,110,129,126,14"/><T92/><D119/><U118/><E118/><V26/><F116/><W54/><G114/><T96/><D125/><U65/><E120/><V16/><F124/><W71/><G126/><T105/><D68/><U9/><E36/><V130/><F107/><W122/><G110/><T99/><D105/><U112/><E69/><V49/><F130/><W2/><G2/><T8/><D82/><U123/><E65/><V24/><F64/><W29/><G29/><T97/><D34/><U75/><E75/><V1/><F1/><W23/><G104/><T46/><D46/><U32/><E123/><V66/><F66/><W101/><G101/><T72/><REACH who="0" step="1"/><D72/><REACH who="0" ten="240,250,250,250" step="2"/><U59/><E32/><V13/><F74/><W37/><G45/><T33/><D33/><U78/><E113/><V103/><F73/><W117/><G71/><T132/><D132/><U108/><E112/><V77/><F83/><W134/><G134/><T89/><D89/><U51/><E91/><V79/><F103/><W10/><G88/><T98/><N who="0" m="24576" /><DORA hai="42" /><T58/><AGARI ba="0,1" hai="3,6,8,21,27,28,56,58,87,90,92" m="24576" machi="58" ten="40,18000,2" yaku="1,1,4,1,0,1,52,2,53,1" doraHai="55,42" doraHaiUra="20,44" who="0" fromWho="0" sc="240,190,250,-60,250,-60,250,-60" /><INIT seed="0,1,0,4,5,73" ten="430,190,190,190" oya="0" hai0="50,119,52,133,41,43,129,85,51,93,111,105,26" hai1="82,40,66,32,102,7,37,28,132,20,84,70,10" hai2="65,0,5,98,76,109,33,128,103,83,79,99,116" hai3="47,110,13,87,88,58,4,54,108,11,101,9,78"/><T125/><D119/><U62/><E132/><V94/><F33/><W45/><G101/><T96/><D133/><U46/><E32/><V100/><F65/><W14/><G110/><T106/><D111/><U74/><E102/><V117/><F109/><W75/><G75/><T6/><D129/><U122/><E122/><V18/><F128/><W17/><G78/><T61/><D125/><U91/><E74/><V8/><F18/><W90/><G90/><T64/><D6/><U126/><E126/><V12/><F0/><W15/><G15/><T63/><D85/><U1/><E20/><V89/><F89/><W16/><G4/><T3/><D3/><U115/><E28/><V39/><F39/><W44/><G108/><T80/><D80/><U107/><E107/><V19/><F19/><W81/><G45/><T55/><D64/><U114/><AGARI ba="1,0" hai="1,7,10,37,40,46,62,66,70,82,84,91,114,115" machi="114" ten="30,1100,0" yaku="0,1" doraHai="73" who="1" fromWho="1" sc="430,-6,190,14,190,-4,190,-4" /><INIT seed="1,0,0,1,3,103" ten="424,204,186,186" oya="1" hai0="69,34,21,115,9,114,119,15,75,13,100,130,125" hai1="128,80,20,84,81,133,65,33,61,127,135,19,23" hai2="112,121,41,105,7,122,37,6,102,96,82,14,38" hai3="129,76,45,50,118,32,8,108,111,54,78,55,107"/><U132/><E33/><V70/><F70/><W99/><G32/><T116/><D100/><U64/><E128/><V52/><F112/><W28/><G28/><T68/><D75/><U18/><E127/><V3/><F14/><W40/><G129/><T56/><D56/><U49/><E49/><V120/><F82/><W106/><G8/><T36/><D34/><U71/><E64/><V113/><F113/><W57/><G99/><T5/><D9/><U97/><E97/><V88/><F41/><W47/><G118/><T87/><D87/><U79/><E81/><V43/><F3/><W89/><G89/><T109/><D130/><U22/><REACH who="1" step="1"/><E18/><REACH who="1" ten="424,194,186,186" step="2"/><V27/><F38/><W83/><G83/><T31/><D36/><U101/><E101/><V17/><F102/><W85/><G50/><T86/><D125/><U26/><AGARI ba="0,1" hai="19,20,22,23,26,61,65,71,79,80,84,132,133,135" machi="26" ten="30,6000,0" yaku="1,1,0,1,20,1,53,0" doraHai="103" doraHaiUra="93" who="1" fromWho="1" sc="424,-20,194,70,186,-20,186,-20" /><INIT seed="1,1,0,5,3,37" ten="404,264,166,166" oya="1" hai0="90,96,84,89,56,5,7,54,36,117,41,130,64" hai1="134,95,16,45,102,79,103,4,98,34,82,42,120" hai2="23,14,81,92,122,73,74,97,3,76,113,133,35" hai3="18,78,77,114,19,70,17,10,39,60,12,59,71"/><U107/><E120/><V11/><F122/><W27/><G114/><T115/><D115/><U8/><E34/><V30/><F113/><W57/><G39/><T9/><D117/><U51/><E134/><V94/><F133/><W44/><G44/><T123/><D130/><U15/><E107/><V50/><F74/><W58/><G27/><T99/><D64/><U72/><REACH who="1" step="1"/><E4/><REACH who="1" ten="404,254,166,166" step="2"/><V106/><F35/><W111/><G111/><T80/><D7/><U116/><E116/><V65/><F106/><W43/><G60/><T128/><D123/><U40/><E40/><V87/><F3/><W55/><G43/><T83/><D128/><U29/><E29/><V135/><F30/><W105/><G105/><T33/><D33/><U24/><E24/><V112/><F135/><W101/><G19/><T21/><D41/><U38/><E38/><V104/><F104/><W118/><G18/><T49/><D36/><U108/><E108/><V48/><F112/><W0/><G0/><T75/><D5/><U66/><E66/><V1/><F65/><W131/><G131/><T26/><D26/><U47/><E47/><V46/><F46/><W91/><G118/><T20/><D54/><U126/><E126/><V62/><F1/><W67/><G55/><T93/><D56/><U124/><E124/><V52/><F52/><W127/><G127/><T6/><D6/><U100/><AGARI ba="1,1" hai="8,15,16,42,45,51,72,79,82,95,98,100,102,103" machi="100" ten="20,12000,1" yaku="1,1,0,1,7,1,52,1,54,1,53,0" doraHai="37" doraHaiUra="86" who="1" fromWho="1" sc="404,-41,254,133,166,-41,166,-41" /><INIT seed="1,2,0,1,2,49" ten="363,387,125,125" oya="1" hai0="44,126,63,102,42,40,38,19,51,11,59,123,85" hai1="118,104,53,70,50,3,112,111,105,107,5,21,2" hai2="35,52,20,16,12,92,93,56,98,57,95,66,31" hai3="32,1,79,89,125,29,131,128,61,69,39,22,74"/><U77/><E112/><V132/><F132/><W122/><G122/><T23/><D123/><U0/><E118/><V55/><F66/><W45/><G89/><T91/><D126/><U101/><E70/><V14/><F14/><W17/><G22/><T114/><D102/><U100/><E77/><V110/><F110/><W47/><G17/><T83/><D114/><U130/><E5/><V27/><F56/><W129/><G1/><T33/><D33/><U133/><E133/><V48/><REACH who="2" step="1"/><F55/><REACH who="2" ten="363,387,115,125" step="2"/><W6/><G129/><T24/><D38/><U117/><E130/><V10/><F10/><W71/><G39/><T80/><D11/><U127/><E111/><V72/><F72/><W81/><G128/><T119/><D119/><U26/><E117/><V97/><AGARI ba="2,1" hai="12,16,20,27,31,35,48,52,57,92,93,95,97,98" machi="97" ten="30,8000,1" yaku="1,1,0,1,52,1,54,2,53,0" doraHai="49" doraHaiUra="73" who="2" fromWho="2" sc="363,-22,387,-42,115,96,125,-22" /><INIT seed="2,0,0,4,2,101" ten="341,345,211,103" oya="2" hai0="6,41,89,133,28,88,17,43,111,70,102,8,68" hai1="125,38,84,5,13,85,113,79,116,24,100,53,2" hai2="109,60,108,19,42,132,94,129,117,120,57,92,20" hai3="122,103,96,123,115,87,48,69,50,58,25,106,46"/><V77/><F117/><W118/><G118/><T51/><D111/><N who="2" m="42570" /><F120/><W82/><G69/><T134/><D102/><U124/><E2/><V44/><F77/><W23/><G58/><T128/><D28/><U66/><E113/><V45/><F129/><W135/><G50/><T119/><D119/><U83/><E38/><N who="2" m="21591" /><F45/><W126/><G126/><T121/><D121/><U4/><E116/><V14/><F132/><N who="0" m="50794" /><D17/><U78/><E78/><V81/><F81/><W71/><G71/><N who="0" m="27179" /><D128/><U64/><E125/><V9/><F20/><W56/><G56/><T105/><D105/><U127/><E127/><V114/><F114/><W99/><G99/><T34/><D34/><U112/><E83/><V130/><F130/><W32/><G32/><T61/><D61/><U107/><E79/><V97/><F97/><W11/><G11/><T27/><D51/><U39/><E39/><V74/><F74/><W95/><G115/><T29/><D43/><U30/><E112/><V36/><F36/><W67/><G67/><AGARI ba="0,0" hai="9,14,19,57,60,67,92,94" m="21591,42570" machi="67" ten="30,2900,0" yaku="14,1,10,1" doraHai="101" who="2" fromWho="3" sc="341,0,345,0,211,29,103,-29" /><INIT seed="2,1,0,0,3,90" ten="341,345,240,74" oya="2" hai0="80,54,20,45,42,102,48,36,97,127,65,89,122" hai1="4,88,17,2,18,50,9,124,125,121,57,8,81" hai2="67,10,34,0,101,7,26,115,66,120,74,11,35" hai3="131,21,104,13,30,44,39,98,134,82,14,41,1"/><V78/><F115/><W71/><G1/><T79/><D127/><N who="1" m="48715" /><E121/><V111/><F120/><W3/><G3/><T116/><D122/><U123/><E123/><V12/><F111/><W63/><G131/><T28/><D89/><U40/><E9/><V91/><F101/><W70/><G134/><T23/><D116/><U95/><E81/><V96/><F74/><W113/><G113/><T75/><D65/><U119/><E119/><V61/><F78/><W49/><G39/><T37/><D28/><U29/><E29/><V43/><F26/><W52/><G82/><T76/><D76/><U15/><E15/><V46/><F66/><W32/><G41/><T129/><D129/><U38/><E38/><V86/><F96/><W24/><G21/><T25/><D25/><U51/><E51/><V33/><F46/><W132/><G132/><T110/><D110/><U130/><E130/><V77/><F43/><W106/><G106/><T53/><D37/><U73/><E73/><V87/><F77/><W16/><G63/><T19/><D19/><U93/><E93/><V107/><F107/><W117/><G117/><T55/><REACH who="0" step="1"/><D36/><REACH who="0" ten="331,345,240,74" step="2"/><U58/><E18/><V108/><F108/><W69/><REACH who="3" step="1"/><G16/><REACH who="3" ten="331,345,240,64" step="2"/><T5/><D5/><U72/><E17/><V126/><F126/><W92/><G92/><AGARI ba="1,2" hai="20,23,42,45,48,53,54,55,75,79,80,92,97,102" machi="92" ten="40,2600,0" yaku="1,1,52,1,53,0" doraHai="90" doraHaiUra="85" who="0" fromWho="3" sc="331,49,345,0,240,0,64,-29" /><INIT seed="3,0,0,5,3,110" ten="380,345,240,35" oya="3" hai0="113,85,44,112,94,75,40,114,91,4,133,53,56" hai1="89,72,14,17,116,23,38,73,124,20,80,26,130" hai2="93,25,129,39,55,19,108,30,104,2,71,11,13" hai3="34,95,35,119,12,117,105,79,109,66,98,57,107"/><W58/><G79/><T111/><D111/><U5/><E38/><V106/><F129/><W135/><G109/><T63/><D133/><U16/><E130/><V118/><F118/><W46/><G135/><T6/><D75/><U92/><E116/><V1/><F71/><W99/><G12/><T83/><REACH who="0" step="1"/><D94/><REACH who="0" ten="370,345,240,35" step="2"/><U120/><E120/><V43/><F104/><W24/><G95/><T7/><D7/><U3/><E124/><V74/><F74/><W15/><G119/><T76/><D76/><U59/><E80/><V67/><F106/><W131/><G117/><T64/><D64/><U8/><REACH who="1" step="1"/><E59/><REACH who="1" ten="370,335,240,35" step="2"/><V128/><F108/><W125/><G58/><T123/><D123/><U97/><AGARI ba="0,2" hai="3,5,8,14,16,17,20,23,26,72,73,89,92,97" machi="97" ten="20,8000,1" yaku="1,1,2,1,0,1,7,1,54,1,53,0" doraHai="110" doraHaiUra="69" who="1" fromWho="1" sc="370,-20,335,100,240,-20,35,-40" owari="350,15.0,435,53.5,220,-18.0,-5,-50.5" /></mjloggm>