<mjloggm ver="2.3"><GO type="169" lobby="0"/><UN n0="%E5%A4%A2%E4%BB%98%E3%81%8D" n1="%6D%61%6A%75%6E%69%61" n2="%41%4C%50%45%52%49%4E" n3="%44%42%4A" dan="16,16,16,16" rate="2126.36,2107.02,2098.13,2174.23" sx="M,M,M,M"/><TAIKYOKU oya="0"/><INIT seed="0,0,0,2,1,4" ten="250,250,250,250" oya="0" hai0="126,85,36,32,39,46,42,22,99,133,25,127,28" hai1="3,112,119,95,78,97,65,121,93,58,115,66,62" hai2="67,77,96,50,123,110,17,9,2,109,35,83,56" hai3="30,92,73,132,23,129,24,69,116,120,118,34,47"/><T49/><D133/><U87/><E119/><V5/><F35/><W106/><G92/><T40/><D99/><U103/><E121/><V128/><F123/><W91/><G91/><T61/><D61/><U41/><E41/><V80/><F128/><W63/><G23/><T6/><D85/><U44/><E44/><V54/><F67/><W59/><G59/><T11/><D32/><U125/><E125/><N who="0" m="47625" /><D42/><U0/><E66/><V68/><F68/><W19/><G63/><T107/><D107/><U131/><E131/><V10/><F96/><W45/><G45/><T15/><AGARI ba="0,0" hai="6,11,15,22,25,28,36,39,40,46,49" m="47625" machi="15" ten="30,3000,0" yaku="18,1,52,1" doraHai="4" who="0" fromWho="0" sc="250,30,250,-10,250,-10,250,-10" /><INIT seed="0,1,0,2,3,110" ten="280,240,240,240" oya="0" hai0="86,112,0,24,45,9,107,94,56,36,115,92,4" hai1="47,51,98,79,85,124,26,44,53,62,127,119,27" hai2="63,50,128,123,77,89,135,1,95,108,29,38,15" hai3="74,11,6,126,22,100,12,114,66,69,97,90,129"/><T41/><D107/><U111/><E111/><V16/><F1/><W125/><G74/><T3/><D3/><U84/><E119/><V13/><F38/><W106/><G129/><T73/><D73/><U55/><E98/><V120/><F128/><W96/><G69/><T18/><D56/><U57/><E47/><V83/><F108/><W10/><G66/><T134/><D134/><U88/><E79/><V132/><F29/><W48/><G22/><T43/><D43/><U34/><E85/><V121/><F50/><W32/><G32/><T93/><REACH who="0" step="1"/><D86/><REACH who="0" ten="270,240,240,240" step="2"/><U31/><REACH who="1" step="1"/><E27/><REACH who="1" ten="270,230,240,240" step="2"/><V28/><F123/><W130/><G106/><T14/><D14/><U118/><E118/><V87/><F121/><W76/><G12/><T131/><D131/><U39/><E39/><V17/><F120/><W64/><G130/><T91/><D91/><U133/><E133/><V61/><F135/><W58/><G90/><T102/><D102/><U99/><E99/><V42/><F132/><W59/><G100/><T40/><D40/><U70/><E70/><V80/><F42/><W7/><G76/><T67/><D67/><U37/><E37/><V25/><F77/><W19/><G64/><T72/><D72/><U33/><E33/><V65/><F65/><W52/><G97/><T71/><D71/><U20/><E20/><AGARI ba="1,2" hai="0,4,9,18,20,24,36,41,45,92,93,94,112,115" machi="20" ten="40,12000,1" yaku="1,1,52,2,53,1" doraHai="110" doraHaiUra="35" who="0" fromWho="1" sc="270,143,230,-123,240,0,240,0" /><INIT seed="0,2,0,1,2,50" ten="413,107,240,240" oya="0" hai0="93,120,107,3,102,83,56,55,37,7,76,101,68" hai1="84,65,69,33,66,8,74,71,122,35,32,34,31" hai2="61,80,2,121,82,91,92,132,129,128,43,51,106" hai3="100,67,47,109,130,86,75,112,95,133,81,57,24"/><T39/><D120/><U53/><N who="1" m="8192" /><DORA hai="22" /><U64/><E74/><V36/><F2/><W48/><G75/><T13/><D68/><U60/><E31/><V78/><F121/><W4/><G4/><T20/><D3/><U70/><E122/><V85/><F36/><W124/><G109/><T110/><D107/><U115/><E8/><V41/><F132/><W17/><G124/><T59/><D59/><U11/><E11/><V123/><F123/><W49/><G130/><N who="2" m="50281" /><F106/><W127/><G112/><T25/><D13/><U28/><E28/><V96/><F61/><W23/><G127/><T30/><D7/><U58/><REACH who="1" step="1"/><E84/><REACH who="1" ten="413,97,240,240" step="2"/><N who="2" m="48151" /><F51/><W72/><G49/><T125/><D39/><U42/><E42/><V15/><F15/><W94/><G72/><T18/><D37/><U38/><E38/><V16/><F16/><W114/><G114/><AGARI ba="2,1" hai="53,58,60,64,65,66,69,70,71,114,115" m="8192" machi="114" ten="80,12000,2" yaku="1,1,29,2,52,1,53,2" doraHai="50,22" doraHaiUra="46,108" who="1" fromWho="3" sc="413,0,97,136,240,0,240,-126" /><INIT seed="1,0,0,4,4,123" ten="413,233,240,114" oya="1" hai0="91,96,61,90,121,8,68,124,42,114,5,23,47" hai1="132,116,24,107,54,2,72,130,88,117,11,27,112" hai2="71,94,38,106,89,17,97,22,43,41,10,13,20" hai3="102,126,131,74,127,65,12,60,46,32,52,125,66"/><U83/><E112/><V34/><F34/><W98/><G74/><T62/><D114/><U67/><E130/><V110/><F71/><W73/><G73/><T76/><D121/><U118/><E107/><V14/><F106/><W113/><G32/><T79/><D124/><U39/><E39/><V29/><F110/><W0/><G0/><T33/><D33/><U49/><E132/><V21/><F29/><W40/><G113/><T101/><D23/><U59/><E67/><V58/><F38/><W99/><G12/><T45/><D68/><U19/><E72/><V75/><F75/><W53/><G99/><T56/><D79/><U82/><E82/><V128/><F128/><W81/><G81/><T134/><D76/><U16/><E19/><V129/><F129/><W111/><G131/><T55/><D62/><U78/><E78/><V35/><F35/><W6/><G6/><T87/><D87/><U109/><E109/><V44/><F44/><W26/><G26/><T3/><D47/><U37/><E37/><V104/><F104/><N who="3" m="63575" /><G111/><T63/><D134/><U15/><REACH who="1" step="1"/><E2/><REACH who="1" ten="413,223,240,114" step="2"/><V7/><REACH who="2" step="1"/><F58/><REACH who="2" ten="413,223,230,114" step="2"/><N who="3" m="37015" /><G66/><T64/><D64/><U31/><E31/><V135/><F135/><W103/><G103/><T1/><D101/><U80/><E80/><V105/><F105/><W100/><G100/><T4/><D1/><U36/><E36/><AGARI ba="0,2" hai="36,40,46,52,53,125,126,127" m="37015,63575" machi="36" ten="30,2000,0" yaku="18,1,54,1" doraHai="123" who="3" fromWho="1" sc="413,0,223,-20,230,0,114,40" /><INIT seed="2,0,0,5,1,131" ten="413,203,230,154" oya="2" hai0="5,130,62,94,14,58,53,108,93,52,117,3,95" hai1="39,28,19,99,122,38,43,30,31,79,85,84,132" hai2="46,116,119,15,120,75,23,49,29,82,104,65,97" hai3="127,55,72,112,133,26,105,73,9,16,124,70,18"/><V109/><F120/><W113/><G70/><T42/><D3/><U135/><E122/><V13/><F109/><W110/><G26/><T2/><D2/><U33/><E33/><V89/><F65/><W12/><G105/><T50/><D130/><U78/><E99/><V21/><F104/><W34/><G34/><T64/><D108/><U51/><E51/><V74/><F97/><W11/><G55/><T107/><D107/><U121/><E121/><V54/><F89/><W118/><G110/><T27/><D27/><U0/><E0/><V6/><F29/><W92/><G92/><T25/><D25/><U45/><E19/><N who="3" m="7210" /><G12/><T103/><D117/><U102/><E102/><V63/><F63/><W111/><G118/><T17/><D103/><U32/><E32/><V71/><F71/><W20/><BYE who="2" /><G20/><N who="0" m="11319" /><D5/><U123/><E123/><V10/><F10/><N who="3" m="3595" /><G111/><UN n2="%41%4C%50%45%52%49%4E" /><T44/><AGARI ba="0,0" hai="42,44,50,52,53,58,62,64,93,94,95" m="11319" machi="44" ten="30,2000,0" yaku="8,1,54,1" doraHai="131" who="0" fromWho="0" sc="413,20,203,-5,230,-10,154,-5" /><INIT seed="3,0,0,3,0,77" ten="433,198,220,149" oya="3" hai0="8,93,61,2,30,63,46,34,59,134,118,85,42" hai1="15,133,19,97,100,3,124,105,110,52,45,44,58" hai2="57,7,98,72,80,92,67,106,101,50,27,119,109" hai3="51,113,127,29,26,84,125,132,107,60,5,38,79"/><W73/><G73/><T22/><D118/><U70/><E110/><V53/><F119/><W111/><G107/><T81/><D34/><U131/><E133/><V1/><F109/><W9/><G38/><T130/><D134/><U71/><E131/><V37/><F37/><W14/><G132/><T0/><D93/><U87/><E124/><V90/><F67/><W135/><G135/><T62/><D59/><U123/><E123/><V112/><F112/><W21/><G111/><T25/><D8/><U13/><E3/><V94/><F27/><W83/><G113/><T55/><D55/><U115/><E115/><V49/><F1/><W40/><REACH who="3" step="1"/><G60/><REACH who="3" ten="433,198,220,139" step="2"/><T116/><D116/><U17/><E105/><V39/><F39/><W95/><G95/><T69/><D61/><U48/><E71/><V126/><F94/><W122/><G122/><T108/><D62/><U86/><E70/><V56/><F126/><W102/><G102/><T12/><D63/><U68/><E68/><V114/><F114/><W33/><G33/><T47/><D69/><U24/><E100/><V43/><F72/><W104/><G104/><T117/><D117/><U31/><E97/><V91/><F106/><W74/><G74/><T54/><D108/><U6/><E87/><V28/><F101/><W78/><G78/><T4/><D85/><U16/><E86/><V10/><F92/><W20/><G20/><T41/><D22/><U32/><REACH who="1" step="1"/><E6/><REACH who="1" ten="433,188,220,139" step="2"/><V23/><F7/><W82/><G82/><T129/><D81/><U120/><E120/><V99/><F80/><W103/><G103/><T66/><D4/><RYUUKYOKU ba="0,2" sc="433,-15,188,15,220,-15,139,15" hai1="13,15,16,17,19,24,31,32,44,45,48,52,58" hai3="5,9,14,21,26,29,40,51,79,83,84,125,127" /><INIT seed="3,1,2,0,3,53" ten="418,203,205,154" oya="3" hai0="23,59,116,113,46,36,48,69,6,18,81,19,3" hai1="62,11,52,58,78,13,10,105,117,51,106,119,104" hai2="110,131,26,86,7,8,16,130,37,70,4,85,28" hai3="122,55,74,17,61,41,88,107,39,71,34,68,83"/><W35/><G122/><T123/><D116/><N who="1" m="44619" /><E78/><V75/><F75/><W66/><G17/><T73/><D69/><U80/><E80/><V1/><F70/><W129/><G129/><N who="2" m="49161" /><F37/><W31/><G71/><T99/><D123/><U32/><E32/><N who="2" m="20503" /><F110/><W29/><G107/><T120/><D120/><U94/><E94/><V127/><F127/><W101/><G101/><T79/><D113/><U128/><E128/><V95/><F7/><W67/><G67/><T42/><D99/><U125/><E125/><V89/><F16/><W109/><G109/><T121/><D121/><U0/><E0/><V102/><F102/><W21/><G21/><T108/><D23/><U24/><E24/><V96/><AGARI ba="1,2" hai="1,4,8,85,86,89,95,96" m="20503,49161" machi="96" ten="30,1100,0" yaku="19,1" doraHai="53" who="2" fromWho="2" sc="418,-4,203,-4,205,34,154,-6" /><INIT seed="4,0,0,3,0,103" ten="414,199,239,148" oya="0" hai0="118,43,12,56,37,96,107,64,123,72,17,117,110" hai1="15,47,93,9,69,120,85,35,36,71,31,53,62" hai2="7,52,20,30,113,106,95,131,8,45,101,48,25" hai3="41,89,127,11,135,108,126,55,86,40,13,65,119"/><T81/><D123/><U76/><E120/><V49/><F113/><W79/><G108/><T80/><D110/><U27/><E36/><V54/><F131/><W32/><G32/><T74/><D43/><U61/><E47/><V39/><F39/><W10/><G79/><T70/><D37/><U0/><E0/><V22/><F95/><W73/><G73/><T83/><D70/><U44/><E62/><V99/><F25/><W124/><G65/><T68/><D68/><U24/><E24/><V100/><F100/><W59/><G119/><T129/><D129/><U84/><E84/><V115/><F30/><W132/><G86/><T122/><D122/><U128/><E128/><V63/><F63/><W102/><G89/><T133/><D64/><U57/><E44/><V98/><F98/><W33/><G102/><T112/><D96/><U82/><REACH who="1" step="1"/><E93/><REACH who="1" ten="414,189,239,148" step="2"/><V51/><F115/><W46/><G46/><T105/><D112/><U1/><E1/><V111/><F111/><W130/><G130/><T4/><D118/><U91/><E91/><V77/><F77/><W26/><G26/><T75/><D117/><U2/><E2/><V28/><F45/><W58/><G33/><T23/><D75/><U109/><E109/><V5/><F51/><W104/><G13/><T114/><D74/><U116/><E116/><V16/><F48/><W90/><G90/><T60/><D72/><U50/><E50/><V66/><F49/><W38/><G38/><T94/><D94/><U78/><E78/><V134/><F101/><W3/><G3/><T87/><D87/><U42/><E42/><RYUUKYOKU ba="0,1" sc="414,-10,189,30,239,-10,148,-10" hai1="9,15,27,31,35,53,57,61,69,71,76,82,85" /><INIT seed="5,1,1,2,3,100" ten="404,219,229,138" oya="1" hai0="128,3,17,47,55,7,98,92,0,112,10,116,63" hai1="38,23,122,19,25,51,135,60,111,21,52,90,77" hai2="78,83,101,108,9,113,130,41,89,69,8,18,124" hai3="127,1,105,20,123,33,24,29,85,125,106,61,74"/><U94/><E122/><V67/><F108/><W12/><G74/><T131/><D116/><U80/><E135/><V43/><F124/><N who="3" m="47691" /><G1/><T118/><D112/><U81/><E38/><V57/><F69/><W84/><G123/><T107/><D107/><N who="3" m="40969" /><G61/><T40/><D118/><U46/><E60/><V132/><F132/><W59/><G59/><T27/><D63/><U16/><E77/><V36/><F36/><W70/><G70/><T121/><D0/><U31/><E111/><V134/><F134/><W11/><G33/><T64/><D3/><U120/><E120/><V28/><F28/><W88/><G88/><T79/><D121/><U53/><E53/><V93/><F101/><W35/><G35/><T110/><D55/><U6/><E6/><AGARI ba="1,1" hai="6,11,12,20,24,29,84,85" m="40969,47691" machi="6" ten="30,7700,0" yaku="18,1,52,3" doraHai="100" who="3" fromWho="1" sc="404,0,219,-80,229,0,138,90" /><INIT seed="6,0,0,4,5,38" ten="404,139,229,228" oya="2" hai0="18,125,55,27,24,45,39,117,58,107,128,124,48" hai1="85,46,87,110,96,37,21,106,17,94,99,129,44" hai2="75,72,114,2,77,49,40,93,19,33,134,22,67" hai3="25,122,102,103,36,31,15,62,105,113,0,4,65"/><V54/><F33/><W78/><G103/><T42/><D107/><U92/><E110/><V7/><F114/><W100/><G100/><T89/><D128/><U10/><E129/><V80/><F134/><W16/><G122/><T35/><D117/><U133/><E133/><V30/><F75/><W95/><G78/><T60/><D35/><U32/><E32/><V108/><F108/><W130/><G95/><T115/><D115/><U59/><E59/><V26/><F67/><W91/><G91/><T68/><D89/><U43/><E46/><V3/><F7/><W20/><G130/><T71/><D18/><U12/><E106/><V84/><F30/><W52/><G36/><T73/><D73/><U41/><E41/><V70/><F70/><N who="0" m="26666" /><D60/><U53/><E53/><V82/><F93/><W50/><G102/><T112/><D112/><U81/><E94/><V57/><REACH who="2" step="1"/><F40/><REACH who="2" ten="404,139,219,228" step="2"/><W1/><G105/><T88/><D42/><U83/><E92/><V98/><F98/><W111/><G4/><T74/><D74/><U6/><E83/><V104/><F104/><W127/><G111/><T76/><D125/><U120/><E120/><V5/><F5/><W86/><G127/><T64/><D64/><U11/><E87/><V121/><F121/><W126/><G126/><T135/><D124/><U132/><E132/><V116/><F116/><W97/><G86/><T47/><D135/><U8/><REACH who="1" step="1"/><E6/><REACH who="1" ten="404,129,219,228" step="2"/><V61/><F61/><W79/><G113/><T14/><D55/><U90/><AGARI ba="0,2" hai="8,10,11,12,17,21,37,43,44,81,85,90,96,99" machi="90" ten="30,7900,0" yaku="1,1,2,1,0,1,52,1,53,0" doraHai="38" doraHaiUra="34" who="1" fromWho="1" sc="404,-20,129,99,219,-39,228,-20" /><INIT seed="7,0,0,4,2,64" ten="384,228,180,208" oya="3" hai0="10,46,32,47,119,37,29,5,93,68,88,129,132" hai1="25,62,66,39,18,41,106,7,126,52,17,95,75" hai2="30,78,36,130,51,33,26,128,13,63,114,103,57" hai3="92,16,1,83,72,8,44,70,85,99,108,43,34"/><W15/><G72/><T9/><D119/><U90/><E106/><V133/><F36/><W127/><G34/><T45/><D68/><U109/><E109/><V56/><F114/><W102/><G108/><T14/><D129/><U115/><E115/><V112/><F112/><W96/><G1/><T50/><D132/><U54/><E75/><V118/><F118/><W122/><G122/><T59/><D10/><U38/><E7/><V80/><F133/><W120/><G120/><T79/><D79/><U135/><E126/><V2/><F2/><W42/><G127/><T121/><D121/><U20/><E17/><V12/><F103/><W21/><G70/><T49/><D37/><U71/><E39/><V67/><F56/><W123/><G99/><T105/><D105/><U48/><E38/><V110/><F110/><W76/><G123/><T69/><D69/><U98/><REACH who="1" step="1"/><E135/><REACH who="1" ten="384,218,180,208" step="2"/><V117/><F117/><W6/><G44/><AGARI ba="0,1" hai="18,20,25,41,44,48,52,54,62,66,71,90,95,98" machi="44" ten="40,8000,1" yaku="1,1,2,1,52,1,54,1,53,0" doraHai="64" doraHaiUra="81" who="1" fromWho="3" sc="384,0,218,90,180,0,208,-80" owari="384,48.4,308,10.8,180,-22.0,128,-37.2" /></mjloggm>