<mjloggm ver="2.3"><GO type="169" lobby="0"/><UN n0="%E3%81%9F%E3%81%BE%E5%AD%90" n1="%E6%A9%9F%E7%8E%87%E4%B9%8B%E9%96%80%E7%9A%84%E4%BF%A1%E5%BE%92" n2="%6D%61%74%6F%30%36%30%33" n3="%E6%B9%98%E5%8C%97%E2%91%AD%E4%B8%89%E4%BA%95%E5%AF%BF" dan="17,16,18,16" rate="2236.15,2112.28,2245.40,2169.16" sx="M,M,M,M"/><TAIKYOKU oya="0"/><INIT seed="0,0,0,5,3,87" ten="250,250,250,250" oya="0" hai0="36,0,122,114,93,129,127,7,71,65,47,99,135" hai1="67,75,112,133,105,31,3,29,78,4,19,37,35" hai2="59,115,102,1,109,10,30,108,52,23,110,26,49" hai3="66,21,82,81,11,91,50,42,124,55,64,20,69"/><T56/><D114/><U16/><E112/><V117/><F117/><W17/><G124/><T113/><D113/><U5/><E105/><V45/><F115/><W61/><G42/><T58/><D122/><U85/><E75/><V39/><F102/><W79/><G66/><T70/><D127/><U98/><E37/><V89/><F39/><W104/><G104/><T34/><D34/><U118/><E118/><V28/><F28/><W111/><G111/><T54/><D7/><U130/><E98/><V12/><F1/><W25/><G79/><T134/><D0/><U106/><E106/><V24/><F24/><W62/><G62/><N who="0" m="38087" /><D129/><U107/><E107/><V13/><F10/><W27/><G11/><T92/><D92/><U123/><E123/><V6/><F6/><W131/><G131/><T22/><D22/><U77/><E67/><V95/><REACH who="2" step="1"/><F45/><REACH who="2" ten="250,250,240,250" step="2"/><W103/><G103/><N who="0" m="60911" /><D47/><U15/><E3/><V60/><F60/><W97/><G61/><N who="0" m="36055" /><D36/><U73/><E4/><V121/><F121/><W76/><G69/><T46/><D46/><U44/><E44/><V101/><F101/><W116/><G116/><T57/><D57/><U63/><E5/><V2/><F2/><W88/><G50/><T74/><D74/><U51/><E63/><V86/><AGARI ba="0,1" hai="12,13,23,26,30,49,52,59,86,89,95,108,109,110" machi="86" ten="30,12000,2" yaku="1,1,0,1,14,1,52,1,54,1,53,1" doraHai="87" doraHaiUra="18" who="2" fromWho="2" sc="250,-60,250,-30,240,130,250,-30" /><INIT seed="1,0,0,2,4,119" ten="190,220,370,220" oya="1" hai0="21,114,93,131,36,123,59,46,99,9,82,42,128" hai1="51,130,129,53,111,56,61,13,33,14,37,57,19" hai2="80,40,31,34,10,76,54,79,55,86,43,29,97" hai3="71,83,25,107,95,28,22,45,74,104,35,75,50"/><U94/><E37/><V124/><F124/><W100/><G71/><T116/><D114/><U23/><E33/><V133/><F133/><W52/><G35/><T6/><D116/><U66/><E111/><V81/><F10/><W47/><G47/><T78/><D21/><U102/><REACH who="1" step="1"/><E13/><REACH who="1" ten="190,210,370,220" step="2"/><V68/><F34/><W0/><G0/><T126/><D126/><U108/><E108/><V77/><F31/><W84/><G107/><T20/><D128/><U38/><E38/><V58/><F29/><W127/><G104/><T122/><D131/><U73/><E73/><V5/><F79/><W85/><G127/><T17/><D78/><U134/><E134/><V67/><F77/><N who="3" m="46191" /><G75/><T106/><D106/><U89/><E89/><V48/><F76/><W30/><G74/><T92/><D82/><U32/><E32/><V118/><F81/><W135/><G135/><T12/><D92/><U115/><E115/><V120/><F80/><W125/><G125/><T91/><REACH who="0" step="1"/><D59/><REACH who="0" ten="180,210,370,220" step="2"/><U121/><E121/><V105/><F58/><W39/><G30/><T96/><D96/><AGARI ba="0,2" hai="14,19,23,51,53,56,57,61,66,94,96,102,129,130" machi="96" ten="40,2000,0" yaku="1,1,53,0" doraHai="119" doraHaiUra="7" who="1" fromWho="0" sc="180,-20,210,40,370,0,220,0" /><INIT seed="1,1,0,0,4,29" ten="160,250,370,220" oya="1" hai0="95,32,98,75,69,27,26,63,93,129,55,46,82" hai1="97,124,109,77,60,133,64,62,114,48,84,78,7" hai2="115,52,119,65,113,38,121,33,110,11,118,59,76" hai3="50,2,135,44,17,99,28,53,90,88,3,125,68"/><U39/><E114/><N who="2" m="43531" /><F121/><W58/><G68/><T40/><D129/><U116/><E116/><V37/><F76/><W43/><G135/><T83/><D75/><U100/><E39/><N who="2" m="14859" /><F11/><W47/><G125/><T105/><D105/><U66/><E124/><V102/><F102/><W61/><G28/><T70/><D93/><U12/><E133/><V104/><F104/><W91/><G99/><T86/><D40/><U127/><E127/><V31/><F65/><W128/><G128/><T4/><D4/><U134/><E134/><V19/><F19/><W74/><G74/><T101/><D82/><U23/><E66/><V16/><F16/><W9/><REACH who="3" step="1"/><G47/><REACH who="3" ten="160,250,370,210" step="2"/><T21/><D46/><U111/><E97/><V34/><F31/><W57/><G57/><T24/><D70/><U1/><E109/><V122/><F110/><W92/><G92/><T14/><D69/><U117/><E111/><V45/><F45/><W132/><G132/><T5/><D95/><U89/><E84/><V56/><F56/><W8/><G8/><N who="0" m="4367" /><D98/><U49/><E100/><V81/><F122/><W10/><G10/><T54/><D101/><U73/><E73/><V35/><F81/><W30/><G30/><N who="0" m="19527" /><D21/><U6/><E23/><V108/><F108/><W85/><G85/><T51/><D86/><U107/><E107/><V106/><F106/><W15/><AGARI ba="1,1" hai="2,3,9,15,17,43,44,50,53,58,61,88,90,91" machi="15" ten="30,4000,0" yaku="1,1,0,1,54,1,53,0" doraHai="29" doraHaiUra="79" who="3" fromWho="3" sc="160,-11,250,-21,370,-11,210,53" /><INIT seed="2,0,0,1,0,132" ten="149,229,359,263" oya="2" hai0="70,13,35,3,38,58,77,121,130,6,55,92,27" hai1="67,101,9,57,47,53,45,33,61,112,10,124,24" hai2="85,7,114,119,4,122,22,115,91,49,11,88,42" hai3="98,63,82,78,68,80,32,46,123,66,15,102,51"/><V99/><F119/><W75/><G123/><T44/><D121/><U93/><E112/><V116/><F116/><W37/><G82/><T62/><D130/><U134/><E134/><V84/><F99/><W105/><G15/><T103/><D3/><U19/><E124/><V29/><F122/><W129/><G129/><T36/><D77/><U30/><E19/><V71/><F71/><W76/><G76/><T127/><D70/><U133/><E133/><V107/><F107/><W90/><G90/><T125/><D35/><U118/><E118/><V100/><F100/><W48/><G48/><T108/><D27/><U120/><E120/><V64/><F64/><W0/><G51/><T81/><D81/><U86/><E53/><V8/><F49/><W16/><G16/><T73/><D73/><U5/><E86/><V94/><F22/><W52/><G52/><T34/><D34/><U95/><E10/><V40/><REACH who="2" step="1"/><F94/><REACH who="2" ten="149,229,349,263" step="2"/><W65/><G66/><T50/><D103/><U79/><E93/><V43/><F43/><N who="3" m="22895" /><G32/><T74/><D92/><U104/><E95/><V87/><F87/><W21/><G21/><T20/><D74/><U54/><E67/><V96/><F96/><W39/><G39/><T56/><D20/><U111/><E101/><V69/><F69/><W12/><G98/><T83/><D36/><U59/><E104/><V113/><F113/><W72/><G102/><T60/><D38/><U17/><E33/><V25/><F25/><W110/><G105/><T97/><D97/><U135/><E24/><V28/><AGARI ba="0,1" hai="4,7,8,11,28,29,40,42,84,85,88,91,114,115" machi="28" ten="25,18000,2" yaku="1,1,0,1,22,2,54,1,53,2" doraHai="132" doraHaiUra="26" who="2" fromWho="2" sc="149,-60,229,-60,349,190,263,-60" /><INIT seed="2,1,0,5,0,23" ten="89,169,539,203" oya="2" hai0="108,84,103,38,111,110,9,105,134,96,117,40,120" hai1="5,74,132,70,61,129,11,131,107,113,45,99,124" hai2="115,24,56,114,78,7,25,97,65,39,27,10,29" hai3="41,34,26,98,8,90,42,76,87,79,28,119,2"/><V43/><F29/><W13/><G119/><T0/><D120/><U52/><E113/><V130/><F78/><W94/><G2/><T60/><D117/><U93/><E107/><V59/><F130/><N who="1" m="49673" /><E74/><V83/><F83/><W112/><G112/><T58/><D134/><U133/><E70/><V37/><F115/><W72/><G72/><T121/><D121/><U85/><E85/><V16/><F114/><W92/><G76/><T49/><D38/><U91/><E124/><V14/><F7/><W95/><G79/><T36/><D36/><U33/><E33/><V88/><F65/><W116/><G116/><T47/><D84/><U50/><E61/><V46/><REACH who="2" step="1"/><F39/><REACH who="2" ten="89,169,529,203" step="2"/><W48/><G28/><T17/><D17/><U3/><AGARI ba="1,1" hai="3,5,11,45,50,52,91,93,99,132,133" m="49673" machi="3" ten="30,2000,0" yaku="19,1,54,1" doraHai="23" who="1" fromWho="1" sc="89,-6,169,33,529,-11,203,-6" /><INIT seed="3,0,0,1,2,10" ten="83,202,518,197" oya="3" hai0="79,64,104,106,24,75,99,68,91,107,86,25,9" hai1="89,101,84,46,33,110,56,30,81,114,51,63,121" hai2="6,128,134,124,108,82,125,88,26,126,43,115,7" hai3="122,70,58,96,59,28,41,95,14,87,103,34,16"/><W2/><G70/><T39/><D39/><U44/><E114/><V132/><F108/><W5/><G122/><T18/><D68/><U36/><E121/><V123/><F115/><W12/><G41/><T105/><D64/><U60/><E110/><V1/><F123/><W130/><G2/><T8/><D75/><U15/><E36/><V74/><F128/><W4/><G34/><T131/><D79/><U80/><E101/><V78/><F43/><W52/><G28/><T53/><D131/><U90/><E30/><V102/><F102/><W73/><G73/><T76/><D76/><U37/><E33/><V112/><F112/><W3/><G3/><T69/><D69/><U31/><E31/><V38/><F38/><W27/><G130/><T21/><D25/><U111/><E111/><V40/><F40/><W57/><G87/><T47/><D99/><U129/><E37/><V20/><F88/><N who="1" m="33897" /><E84/><V92/><F92/><W0/><G0/><T65/><D65/><N who="1" m="39047" /><E129/><V50/><F1/><W118/><G118/><T11/><N who="0" m="26624" /><DORA hai="117" /><T100/><D100/><U98/><E98/><V55/><F134/><W85/><G85/><T49/><REACH who="0" step="1"/><D8/><REACH who="0" ten="73,202,518,197" step="2"/><U45/><E81/><AGARI ba="0,1" hai="9,11,18,21,24,47,49,53,81,86,91" m="26624" machi="81" ten="70,8000,1" yaku="1,1,2,1,53,2" doraHai="10,117" doraHaiUra="13,23" who="0" fromWho="1" sc="73,90,202,-80,518,0,197,0" /><INIT seed="4,0,0,2,5,41" ten="163,122,518,197" oya="0" hai0="129,2,12,86,29,134,0,70,87,40,53,13,22" hai1="1,78,121,90,103,67,21,104,9,112,14,30,72" hai2="27,82,113,7,10,95,126,97,39,131,15,83,85" hai3="58,135,100,43,68,11,80,47,102,63,16,34,71"/><T4/><D70/><U45/><E121/><V64/><F39/><W32/><G135/><T8/><D53/><U55/><E67/><V94/><F126/><W54/><G34/><T110/><D40/><U76/><E1/><N who="0" m="617" /><D87/><U61/><E112/><V25/><F113/><W96/><G32/><T84/><D84/><U18/><E72/><V5/><F64/><W51/><G80/><T6/><D86/><U93/><E103/><V81/><F5/><N who="0" m="2154" /><D134/><U65/><E104/><V24/><F94/><W92/><REACH who="3" step="1"/><G100/><REACH who="3" ten="163,122,518,187" step="2"/><T119/><D119/><U46/><E78/><V109/><F83/><W73/><G73/><T123/><D123/><U130/><E76/><V127/><F82/><W50/><G50/><T52/><D129/><U19/><E130/><V79/><F131/><W20/><G20/><T120/><D120/><U66/><E21/><V77/><F77/><W33/><G33/><T42/><D8/><U98/><E9/><V31/><F79/><W132/><G132/><T125/><D125/><U28/><E90/><V117/><F127/><W74/><G74/><T89/><D89/><U17/><E61/><V105/><F117/><W116/><G116/><T75/><D75/><U115/><E115/><V62/><F62/><W133/><G133/><T26/><D22/><U108/><E108/><V122/><F122/><W124/><G124/><T101/><D101/><U49/><E49/><V114/><F109/><W36/><G36/><T37/><D37/><U106/><E14/><AGARI ba="0,1" hai="11,14,16,43,47,51,54,58,63,68,71,92,96,102" machi="14" ten="40,5200,0" yaku="1,1,52,1,54,1,53,0" doraHai="41" doraHaiUra="69" who="3" fromWho="1" sc="163,0,122,-52,518,0,187,62" /><INIT seed="5,0,0,5,0,121" ten="163,70,518,249" oya="1" hai0="103,51,130,55,24,9,14,52,43,46,41,124,110" hai1="131,88,64,73,92,117,99,67,56,29,32,90,57" hai2="80,3,16,68,112,100,113,48,27,78,95,119,63" hai3="4,109,22,53,97,82,122,59,21,81,31,84,54"/><U76/><E117/><V107/><F119/><W5/><G109/><T116/><D116/><U66/><E131/><V50/><F107/><W132/><G132/><T106/><D130/><U25/><REACH who="1" step="1"/><E90/><REACH who="1" ten="163,60,518,249" step="2"/><V12/><F113/><W19/><G122/><T118/><D118/><U10/><E10/><V91/><F91/><W126/><G126/><T108/><D124/><U71/><E71/><V38/><F68/><W115/><G115/><T28/><D9/><U101/><E101/><V34/><F100/><W6/><G5/><T134/><D103/><U0/><E0/><V98/><F3/><W87/><G6/><T15/><D134/><U45/><E45/><V133/><F133/><W75/><G4/><T17/><D46/><U72/><E72/><V123/><F112/><W74/><G75/><T40/><D108/><U111/><E111/><V114/><F114/><W77/><G74/><T102/><D110/><U33/><E33/><V37/><F34/><W62/><G77/><T125/><D125/><U2/><E2/><V69/><F69/><W7/><G7/><T60/><D102/><U18/><E18/><V1/><F16/><W11/><G19/><T104/><D17/><U96/><E96/><V83/><F98/><W42/><G11/><T8/><D8/><U129/><E129/><V85/><F1/><W135/><G97/><T39/><D106/><U58/><E58/><V65/><F78/><W86/><G135/><T35/><D104/><U20/><E20/><V89/><F89/><W26/><G22/><T127/><D127/><U94/><E94/><V47/><F95/><RYUUKYOKU ba="0,1" sc="163,-10,60,30,518,-10,249,-10" hai1="25,29,32,56,57,64,66,67,73,76,88,92,99" /><INIT seed="5,1,1,3,4,32" ten="153,90,508,239" oya="1" hai0="91,25,63,105,46,80,43,92,35,115,130,40,124" hai1="86,37,53,72,65,38,30,71,82,56,121,23,104" hai2="127,95,103,48,94,70,57,28,16,99,60,110,42" hai3="10,122,117,83,2,0,13,15,100,3,98,19,106"/><U114/><E121/><V67/><F110/><W47/><G122/><T123/><D123/><U132/><E72/><V111/><F111/><W52/><G117/><T50/><D105/><U135/><E104/><V108/><F108/><W34/><G34/><T74/><D115/><U107/><E107/><V88/><F127/><W45/><G83/><T69/><D124/><U59/><E114/><V97/><F28/><W85/><G85/><T49/><D130/><U24/><E71/><V6/><F6/><W90/><G90/><T51/><D35/><U8/><E65/><V93/><F93/><W76/><G76/><T125/><D25/><U12/><E56/><V4/><F4/><W112/><G112/><T120/><D120/><U81/><E81/><V1/><F1/><W64/><G64/><T128/><D128/><U116/><E116/><V79/><F79/><W62/><G15/><T36/><D40/><U87/><E87/><V68/><F16/><W61/><REACH who="3" step="1"/><G52/><REACH who="3" ten="153,90,508,229" step="2"/><T39/><D80/><U21/><E86/><V26/><F88/><W54/><G54/><T44/><D74/><U101/><E82/><V78/><F78/><W133/><G133/><T129/><D129/><U73/><E73/><V33/><F33/><W9/><G9/><T109/><D109/><U113/><E113/><V11/><F11/><W58/><G58/><T134/><D134/><N who="1" m="51243" /><E101/><V55/><F70/><W29/><G29/><T126/><D69/><U18/><E8/><V118/><F118/><W84/><G84/><N who="0" m="52327" /><D63/><AGARI ba="1,2" hai="12,18,21,23,24,30,37,38,53,59,63" m="51243" machi="63" ten="30,1500,0" yaku="20,1" doraHai="32" who="1" fromWho="0" sc="153,-18,90,38,508,0,229,0" /><AGARI ba="1,0" hai="0,2,3,10,13,19,45,47,61,62,63,98,100,106" machi="63" ten="40,8000,1" yaku="1,1,52,3,53,0" doraHai="32" doraHaiUra="119" who="3" fromWho="0" sc="135,-80,128,0,508,0,229,80" /><INIT seed="5,2,0,0,2,42" ten="55,128,508,309" oya="1" hai0="116,3,89,108,36,126,113,78,51,5,50,12,22" hai1="121,17,83,16,134,25,28,105,48,120,98,119,94" hai2="60,26,118,117,71,91,82,53,66,13,129,46,122" hai3="39,131,74,43,7,103,40,92,52,115,100,9,56"/><U37/><E119/><V107/><F107/><W64/><G115/><T72/><D108/><U45/><E105/><V112/><F122/><W85/><G74/><T86/><D116/><U35/><E134/><V49/><F112/><W130/><G64/><T96/><D113/><U33/><E33/><V102/><F102/><W2/><G43/><T62/><D126/><U58/><E37/><V44/><F129/><N who="3" m="49163" /><G85/><T29/><D36/><U84/><E58/><V124/><F124/><W61/><G92/><T8/><D96/><U123/><E94/><V88/><F91/><W21/><G21/><T90/><D72/><U68/><E68/><V27/><F117/><W1/><G2/><T73/><D73/><U11/><E98/><V135/><F118/><W109/><G109/><T14/><D3/><U70/><E70/><V104/><F104/><W4/><G7/><T75/><D75/><U127/><E127/><V47/><F135/><W20/><G20/><T77/><D22/><U67/><E67/><V99/><F99/><W57/><G57/><T6/><D86/><U65/><E65/><V95/><F82/><W101/><G103/><T133/><D133/><U63/><E11/><V34/><F34/><W59/><G59/><T19/><D8/><U87/><E87/><V54/><F95/><W31/><G31/><T111/><D111/><U106/><E106/><V18/><F71/><W110/><G110/><T38/><D38/><U15/><E121/><V30/><F66/><W0/><G0/><T125/><D125/><U128/><E123/><V69/><F69/><W81/><G81/><RYUUKYOKU ba="2,0" sc="55,-10,128,-10,508,-10,309,30" hai3="1,4,9,39,40,52,56,61,100,101" /><INIT seed="6,3,0,2,1,82" ten="45,118,498,339" oya="2" hai0="121,28,103,56,109,125,8,43,81,62,52,89,105" hai1="86,108,48,23,26,98,110,100,17,3,127,69,39" hai2="4,122,44,38,130,75,102,1,33,9,68,5,14" hai3="96,53,71,11,27,97,13,58,59,87,101,37,111"/><V126/><F68/><W94/><G71/><T67/><D109/><U16/><E39/><V80/><F33/><W135/><G37/><T73/><D121/><U107/><E127/><V24/><F102/><W60/><G135/><T104/><D125/><U91/><E3/><V29/><F130/><W66/><G111/><T64/><D43/><U79/><E69/><V95/><F95/><W119/><G27/><T74/><D28/><U12/><E79/><V51/><F38/><W114/><G114/><T93/><D8/><U57/><E48/><V25/><F122/><W132/><G119/><T134/><D134/><U124/><E57/><V63/><F63/><W115/><G115/><T15/><D15/><U54/><E54/><V22/><F25/><W113/><G113/><T92/><D92/><U131/><E131/><V21/><F4/><W49/><G132/><T40/><D40/><U47/><E47/><V55/><F1/><W6/><G97/><N who="0" m="61551" /><D105/><U116/><E116/><V72/><F14/><W45/><G59/><T30/><D30/><U99/><E99/><V18/><F29/><W20/><G20/><T117/><D117/><U19/><E124/><V118/><F44/><W31/><G31/><T120/><D120/><U88/><E110/><V10/><F118/><W65/><REACH who="3" step="1"/><G87/><REACH who="3" ten="45,118,498,329" step="2"/><N who="0" m="52415" /><D73/><U76/><E108/><V70/><F75/><W128/><G128/><T129/><D129/><U83/><E26/><V85/><F24/><W133/><G133/><T123/><D123/><U2/><E23/><V34/><F22/><W77/><G77/><AGARI ba="3,1" hai="52,56,62,64,67,74,77,81" m="52415,61551" machi="77" ten="30,3900,0" yaku="24,1,52,1,54,1" doraHai="82" who="0" fromWho="3" sc="45,58,118,0,498,0,329,-48" /><INIT seed="7,0,0,2,3,76" ten="103,118,498,281" oya="3" hai0="15,43,59,63,132,7,101,90,60,111,17,79,20" hai1="65,67,120,128,22,105,123,97,130,134,125,3,27" hai2="103,58,87,92,11,61,70,115,112,28,124,40,49" hai3="34,100,94,85,10,25,24,41,1,57,82,37,117"/><W55/><G117/><T104/><D111/><U16/><E125/><V6/><F28/><W78/><G34/><T47/><D132/><U56/><E3/><V126/><F70/><W30/><G37/><T91/><D104/><U19/><E134/><V12/><F49/><W113/><G113/><N who="2" m="43593" /><F40/><W95/><G41/><T96/><D7/><U83/><E83/><V44/><F44/><W48/><G1/><T119/><D119/><U72/><E72/><V62/><F62/><W81/><G10/><T121/><D121/><U110/><E110/><V89/><F103/><W14/><G14/><T29/><D29/><U38/><E38/><V107/><F107/><W98/><G94/><N who="0" m="58519" /><D79/><U68/><E68/><V84/><F84/><N who="3" m="48183" /><G30/><T32/><D32/><U50/><E120/><V33/><F33/><W86/><G86/><T74/><D74/><U93/><E123/><V51/><F51/><W45/><G45/><T99/><D99/><U135/><E135/><V116/><F116/><W102/><G100/><T53/><D63/><U0/><E105/><V71/><F71/><W133/><G133/><T18/><D43/><U109/><E109/><V73/><F73/><W108/><G108/><T80/><D47/><U31/><E31/><V122/><F122/><W13/><G13/><N who="0" m="9263" /><D80/><U64/><E0/><V46/><F46/><W127/><G127/><T35/><D35/><U129/><E50/><V52/><AGARI ba="0,0" hai="6,11,12,52,58,61,87,89,92,124,126" m="43593" machi="52" ten="30,2000,0" yaku="15,1,54,1" doraHai="76" who="2" fromWho="2" sc="103,-5,118,-5,498,20,281,-10" owari="98,-40.2,113,-28.7,518,61.8,271,7.1" /></mjloggm>