<mjloggm ver="2.3"><GO type="169" lobby="0"/><UN n0="%E9%BB%92%E9%9B%BB%E8%A9%B1" n1="%6D%61%74%6F%30%36%30%33" n2="%E8%BE%9B%E5%8F%A3%E3%82%AB%E3%83%AC%E3%83%BC%E3%83%A9%E3%82%A4%E3%82%B9" n3="%E7%AD%89%E3%80%85%E5%8A%9B%E5%8A%87%E5%A0%B4" dan="16,18,16,16" rate="2146.20,2251.13,2089.52,2142.60" sx="M,M,M,M"/><TAIKYOKU oya="0"/><INIT seed="0,0,0,4,0,2" ten="250,250,250,250" oya="0" hai0="121,104,42,78,25,84,116,46,64,23,20,72,114" hai1="39,79,29,90,99,49,36,94,88,6,115,110,50" hai2="87,37,129,135,58,108,9,67,112,134,24,38,40" hai3="11,92,97,51,69,73,126,77,3,61,27,86,74"/><T1/><D104/><U91/><E110/><V96/><F112/><W133/><G133/><N who="2" m="50697" /><F108/><W113/><G113/><T41/><D121/><U82/><E115/><V118/><F40/><W43/><G126/><T47/><D1/><U26/><E39/><V101/><F129/><W28/><G77/><T0/><D0/><U124/><E36/><V66/><F87/><W7/><G86/><T31/><D84/><U62/><E124/><V105/><F118/><W89/><G69/><T13/><D64/><N who="2" m="24618" /><F58/><W123/><G61/><T32/><D114/><U15/><E62/><V128/><F128/><W132/><G123/><T35/><D116/><U12/><E12/><V120/><F120/><W98/><G132/><T68/><D68/><U107/><E107/><V8/><F24/><W119/><G119/><T56/><D56/><U80/><E79/><V4/><F9/><W70/><G70/><T44/><D13/><AGARI ba="0,0" hai="4,8,13,37,38,96,101,105" m="24618,50697" machi="13" ten="30,2000,0" yaku="20,1,52,1" doraHai="2" who="2" fromWho="0" sc="250,-20,250,0,250,20,250,0" /><INIT seed="1,0,0,1,4,107" ten="230,250,270,250" oya="1" hai0="129,14,93,61,38,60,21,9,105,1,111,6,118" hai1="99,95,108,89,70,125,79,126,7,64,10,115,110" hai2="30,59,127,5,77,128,35,15,45,40,22,0,52" hai3="96,51,63,113,133,116,124,88,18,24,119,67,73"/><U50/><E50/><V62/><F128/><W109/><G113/><T69/><D118/><N who="3" m="45097" /><G109/><N who="1" m="42090" /><E115/><V74/><F127/><N who="1" m="48649" /><E79/><V19/><F35/><W13/><G133/><T11/><D129/><U92/><E92/><V25/><F0/><W68/><G124/><T91/><D105/><U48/><E48/><V85/><F5/><W37/><G37/><T100/><D38/><U47/><E47/><V20/><F85/><W78/><G24/><T16/><D100/><U83/><E83/><V26/><F26/><W122/><G122/><T131/><D131/><U44/><E44/><V94/><F94/><N who="3" m="56391" /><G51/><T65/><D61/><N who="1" m="40207" /><E10/><V81/><F45/><W72/><G78/><T27/><D111/><U41/><E7/><V57/><F57/><W4/><G4/><T76/><D76/><U84/><E41/><V8/><F40/><W53/><G53/><T49/><D49/><U103/><E84/><V17/><F22/><AGARI ba="0,0" hai="13,18,22,63,67,68,72,73" m="56391,45097" machi="22" ten="30,7700,0" yaku="12,1,52,2,54,1" doraHai="107" who="3" fromWho="2" sc="230,0,250,0,270,-77,250,77" /><INIT seed="2,0,0,2,1,90" ten="230,250,193,327" oya="2" hai0="73,68,116,26,132,45,18,97,107,14,4,105,48" hai1="30,128,83,89,117,87,111,15,79,115,110,22,61" hai2="25,93,49,63,71,40,81,104,131,59,91,72,95" hai3="32,113,31,64,123,135,108,88,41,7,122,54,47"/><V100/><F71/><W6/><G108/><T27/><D73/><U102/><E115/><V67/><F104/><W29/><G64/><T0/><D68/><U42/><E117/><V34/><F131/><W133/><G54/><T35/><D132/><N who="3" m="50761" /><G113/><T74/><D74/><U65/><E128/><V80/><F72/><W75/><G75/><T2/><D2/><U13/><E42/><V69/><F69/><W62/><G62/><T114/><D0/><U92/><E102/><V66/><F66/><W60/><G60/><T124/><D4/><N who="3" m="1577" /><G88/><T130/><D130/><U16/><E30/><N who="3" m="11274" /><G32/><T1/><D35/><U126/><E111/><V99/><F34/><W50/><AGARI ba="0,0" hai="41,47,50,122,123" m="11274,1577,50761" machi="50" ten="30,1100,0" yaku="20,1" doraHai="90" who="3" fromWho="3" sc="230,-3,250,-3,193,-5,327,11" /><INIT seed="3,0,0,3,2,94" ten="227,247,188,338" oya="3" hai0="70,53,24,78,108,73,100,25,79,103,82,76,51" hai1="106,91,48,83,104,124,13,18,63,43,113,7,133" hai2="109,1,72,49,36,30,47,110,34,28,128,26,88" hai3="52,98,134,23,62,38,101,123,130,80,16,66,11"/><W65/><G123/><T27/><D108/><N who="2" m="41578" /><F72/><W31/><G38/><T77/><REACH who="0" step="1"/><D70/><REACH who="0" ten="217,247,188,338" step="2"/><U14/><E133/><V35/><F128/><W107/><G130/><T12/><D12/><U102/><E14/><V117/><F1/><W121/><G134/><T37/><D37/><U89/><E13/><V120/><F36/><W33/><G121/><T2/><D2/><U87/><E124/><V90/><F120/><W20/><G11/><T6/><D6/><U57/><E7/><V105/><F117/><W111/><G111/><T58/><AGARI ba="0,1" hai="24,25,27,51,53,58,73,76,77,78,79,82,100,103" machi="58" ten="30,2000,0" yaku="1,1,0,1,53,0" doraHai="94" doraHaiUra="85" who="0" fromWho="0" sc="217,30,247,-5,188,-5,338,-10" /><INIT seed="4,0,0,2,4,120" ten="247,242,183,328" oya="0" hai0="9,4,8,135,57,81,28,12,85,112,109,105,129" hai1="5,84,70,35,133,6,62,3,48,11,40,22,104" hai2="32,47,36,101,114,41,52,127,83,51,128,15,2" hai3="64,94,29,82,46,33,61,72,131,78,65,124,107"/><T100/><D112/><U79/><E104/><V122/><F122/><W23/><G107/><T134/><D129/><U73/><E35/><V19/><F114/><W117/><G117/><T56/><D28/><U66/><E6/><V86/><F2/><W21/><G124/><T37/><D37/><U119/><E119/><V96/><F127/><W87/><G131/><T50/><D105/><U76/><E73/><V123/><F123/><W45/><G33/><T63/><D100/><U103/><E103/><V26/><F128/><W20/><G29/><T91/><D109/><U10/><E10/><V24/><F32/><W74/><G65/><T7/><D50/><U13/><E133/><V42/><F96/><W53/><G53/><T27/><D27/><N who="2" m="10282" /><F101/><W106/><G106/><T34/><D34/><U93/><E22/><N who="2" m="11647" /><F36/><W99/><G74/><T89/><D89/><AGARI ba="0,0" hai="41,42,47,51,52,83,86,89" m="11647,10282" machi="89" ten="30,2000,0" yaku="8,1,54,1" doraHai="120" who="2" fromWho="0" sc="247,-20,242,0,183,20,328,0" /><INIT seed="5,0,0,5,1,9" ten="227,242,203,328" oya="1" hai0="84,71,54,123,126,50,104,99,28,116,48,35,109" hai1="34,98,112,107,19,60,62,106,110,105,111,117,40" hai2="61,44,94,56,51,12,67,27,69,26,82,134,133" hai3="97,11,68,20,43,14,37,135,47,66,39,38,95"/><U128/><E117/><V91/><F82/><W102/><G135/><N who="2" m="51721" /><F69/><W96/><G20/><T122/><D126/><U30/><E112/><V23/><F23/><W16/><G68/><T21/><D35/><U10/><E40/><N who="2" m="24967" /><F12/><W90/><REACH who="3" step="1"/><G66/><REACH who="3" ten="227,242,203,318" step="2"/><T115/><D71/><U121/><E111/><V42/><F42/><W6/><G6/><T120/><D109/><U89/><E110/><V0/><F0/><W31/><G31/><T64/><D64/><U5/><E5/><V63/><F63/><W55/><G55/><T125/><D28/><U46/><E30/><V2/><F2/><W45/><G45/><T79/><D21/><U129/><E46/><V13/><F13/><W49/><G49/><T57/><D50/><U3/><E3/><V101/><F101/><W41/><G41/><T81/><D48/><U58/><E62/><V118/><F118/><W36/><G36/><T25/><D116/><U85/><E60/><V114/><F114/><W132/><G132/><T77/><D115/><U70/><E70/><V18/><F18/><W75/><G75/><T80/><D54/><U119/><E19/><V65/><F67/><W7/><G7/><T127/><D25/><U17/><E17/><V100/><F100/><W86/><G86/><AGARI ba="0,1" hai="26,27,56,61,65,86,91,94" m="24967,51721" machi="86" ten="30,1000,0" yaku="20,1" doraHai="9" who="2" fromWho="3" sc="227,0,242,0,203,20,318,-10" /><INIT seed="6,0,0,5,0,43" ten="227,242,223,308" oya="2" hai0="58,114,24,52,48,72,124,22,66,35,34,47,13" hai1="113,21,14,123,122,91,131,7,94,4,102,45,86" hai2="87,10,55,50,27,106,77,3,97,75,31,121,23" hai3="44,49,30,15,105,25,67,104,125,107,74,16,112"/><V28/><F121/><N who="1" m="46089" /><E113/><V53/><F75/><W78/><G125/><T5/><D72/><U29/><E131/><V118/><F118/><W12/><G112/><T103/><D114/><U61/><E102/><V32/><F77/><W119/><G119/><T62/><D124/><U20/><E61/><V73/><F73/><W93/><G67/><T39/><D39/><U98/><E98/><V95/><F106/><W99/><G74/><T117/><D117/><U133/><E133/><V57/><F87/><W127/><G78/><T60/><D60/><U2/><E45/><V17/><F32/><W135/><G127/><T96/><D13/><U79/><E79/><V81/><F81/><W84/><G84/><T80/><D5/><U63/><E63/><V18/><F53/><W126/><G126/><T56/><D56/><U19/><E2/><V11/><F3/><W9/><G15/><T37/><D37/><U115/><E115/><V33/><F28/><W116/><G135/><T120/><D80/><U92/><E92/><V40/><F40/><W108/><G108/><T83/><D83/><U70/><E70/><V88/><REACH who="2" step="1"/><F18/><REACH who="2" ten="227,242,213,308" step="2"/><W89/><G116/><T85/><D85/><U26/><AGARI ba="0,1" hai="4,7,14,19,20,21,26,29,86,91,94" m="46089" machi="26" ten="30,1100,0" yaku="13,1" doraHai="43" who="1" fromWho="1" sc="227,-3,242,21,213,-5,308,-3" /><INIT seed="7,0,0,1,4,67" ten="224,263,208,305" oya="3" hai0="106,8,12,36,10,85,97,91,87,116,131,124,135" hai1="110,28,23,62,68,53,113,2,17,108,123,31,61" hai2="122,94,33,46,54,83,27,101,100,7,129,103,111" hai3="13,47,109,77,105,63,121,29,64,120,9,15,71"/><W133/><G105/><T74/><D116/><U118/><E118/><V127/><F111/><W86/><G133/><T50/><D36/><U32/><E2/><V40/><F129/><W37/><G109/><T130/><D74/><U126/><E123/><V38/><F122/><W14/><G29/><T30/><D124/><U43/><E43/><V79/><F127/><W69/><G69/><T48/><D135/><U6/><E6/><V119/><F119/><W125/><G125/><T58/><D30/><U88/><E113/><V89/><F7/><W82/><REACH who="3" step="1"/><G9/><REACH who="3" ten="224,263,208,295" step="2"/><T65/><D10/><U34/><E68/><V107/><F107/><W60/><G60/><T80/><D8/><U84/><E62/><V55/><F33/><W52/><G52/><T57/><D65/><U128/><E53/><V72/><REACH who="2" step="1"/><F27/><REACH who="2" ten="224,263,198,295" step="2"/><W90/><G90/><T3/><D106/><U24/><E88/><V20/><F20/><W45/><G45/><T112/><D91/><U98/><E23/><V4/><F4/><W18/><G18/><T134/><D134/><U1/><E17/><V93/><F93/><W81/><G81/><T99/><D80/><U39/><E34/><V78/><F78/><W102/><G102/><T26/><D26/><U114/><E24/><V96/><AGARI ba="0,2" hai="38,40,46,54,55,72,79,83,89,94,96,100,101,103" machi="96" ten="30,2000,0" yaku="1,1,0,1,53,0" doraHai="67" doraHaiUra="5" who="2" fromWho="2" sc="224,-5,263,-5,198,40,295,-10" /><INIT seed="8,0,0,4,1,9" ten="219,258,238,285" oya="0" hai0="40,110,101,117,21,55,50,88,24,96,89,8,75" hai1="132,51,84,109,114,3,42,63,58,113,67,85,135" hai2="73,102,14,19,82,98,29,94,60,62,61,16,115" hai3="6,91,128,37,1,49,30,70,111,46,59,15,97"/><T4/><D75/><U131/><E3/><V69/><F115/><N who="1" m="44041" /><E85/><V120/><F120/><W106/><G70/><T39/><D40/><U122/><E84/><V83/><F69/><W95/><G111/><T28/><D39/><U119/><E109/><V38/><F38/><W52/><G1/><T123/><D117/><U79/><E79/><V133/><F133/><N who="1" m="51273" /><E122/><V41/><F41/><W47/><G128/><T22/><D22/><U116/><E131/><V65/><F65/><W13/><G37/><T54/><D123/><U56/><E56/><V107/><F73/><W43/><G106/><T127/><D127/><U71/><E58/><V10/><F29/><W35/><G6/><T72/><D72/><U134/><E134/><V104/><REACH who="2" step="1"/><F19/><REACH who="2" ten="219,258,228,285" step="2"/><W12/><G43/><T23/><D110/><U26/><E26/><V7/><F7/><W64/><G64/><T27/><D27/><U31/><E31/><V20/><F20/><W121/><G121/><T68/><D23/><U25/><E25/><V124/><F124/><W87/><G30/><T126/><D68/><U80/><E80/><AGARI ba="0,1" hai="10,14,16,60,61,62,80,82,83,94,98,102,104,107" machi="80" ten="40,5200,0" yaku="1,1,52,1,54,1,53,0" doraHai="9" doraHaiUra="44" who="2" fromWho="1" sc="219,0,258,-52,228,62,285,0" /><INIT seed="9,0,0,5,2,133" ten="219,206,290,285" oya="1" hai0="48,76,67,129,95,88,33,132,53,12,1,104,120" hai1="19,130,49,124,39,89,77,26,15,78,75,73,68" hai2="23,110,83,24,71,113,112,31,9,34,46,2,44" hai3="116,18,3,59,69,16,20,32,22,35,122,123,84"/><U8/><E39/><V107/><F110/><W7/><G69/><T29/><D1/><U25/><E68/><V40/><F107/><W125/><G59/><T27/><D104/><U114/><E114/><N who="2" m="44139" /><F71/><W101/><G101/><T97/><D132/><U55/><E130/><V82/><F23/><N who="3" m="8747" /><G84/><T118/><D118/><U99/><E75/><V98/><F98/><W92/><G92/><T127/><D127/><U94/><E124/><V79/><F79/><W117/><G125/><T102/><D120/><N who="3" m="46121" /><G7/><T103/><D129/><U63/><E63/><V64/><F64/><W50/><G50/><T80/><D67/><U70/><E70/><V131/><F131/><W86/><G86/><T28/><D102/><U4/><E4/><N who="2" m="1175" /><F46/><W109/><G3/><T74/><D103/><U58/><REACH who="1" step="1"/><E73/><REACH who="1" ten="219,196,290,285" step="2"/><V81/><F81/><W85/><G117/><T17/><D74/><U119/><E119/><V87/><F87/><W57/><G116/><T51/><D80/><U106/><E106/><V66/><F66/><W128/><G85/><T36/><D36/><AGARI ba="0,1" hai="24,31,34,36,40,44,82,83" m="1175,44139" machi="36" ten="30,1000,0" yaku="11,1" doraHai="133" who="2" fromWho="0" sc="219,-10,196,0,290,20,285,0" owari="209,-19.1,196,-30.4,310,41.0,285,8.5" /></mjloggm>