<mjloggm ver="2.3"><GO type="169" lobby="0"/><UN n0="%53%79%6E%61%70%53%65%51" n1="%E5%AF%BF%E4%BA%BA%E6%B5%81%E7%89%8C%E6%89%8B" n2="%E3%83%90%E3%82%AD" n3="%4E%65%6D%6F" dan="16,16,16,16" rate="2069.55,2123.21,2185.82,2144.85" sx="M,M,M,M"/><TAIKYOKU oya="0"/><INIT seed="0,0,0,4,5,37" ten="250,250,250,250" oya="0" hai0="57,121,86,1,41,101,80,0,58,76,20,95,108" hai1="69,127,21,49,115,71,40,45,81,63,43,48,118" hai2="14,78,133,94,54,19,74,30,10,13,53,117,62" hai3="64,72,67,35,44,119,50,130,7,42,116,31,131"/><T39/><D121/><U102/><E118/><N who="3" m="45098" /><G7/><T93/><D108/><U24/><E127/><V88/><F117/><W124/><G31/><T8/><D20/><U47/><E115/><V18/><F133/><W77/><G35/><T9/><D0/><U17/><E102/><V29/><F78/><W104/><G104/><T2/><D2/><U16/><E81/><V59/><F54/><W114/><G77/><T92/><D101/><U65/><E71/><V73/><F73/><W4/><G4/><T38/><D38/><U70/><E70/><V33/><F74/><W83/><G83/><T126/><D126/><U85/><E85/><V98/><REACH who="2" step="1"/><F33/><REACH who="2" ten="250,250,240,250" step="2"/><W89/><G72/><T132/><D132/><U66/><REACH who="1" step="1"/><E66/><REACH who="1" ten="250,240,240,250" step="2"/><V110/><F110/><W12/><G67/><T125/><D125/><U134/><E134/><V6/><F6/><W99/><G64/><T123/><D123/><U112/><E112/><V61/><F61/><W75/><G124/><T60/><D60/><U111/><E111/><V82/><F82/><W11/><G114/><T120/><D120/><U96/><E96/><V97/><F97/><W68/><G75/><T56/><REACH who="0" step="1"/><D1/><REACH who="0" ten="240,240,240,250" step="2"/><U36/><E36/><V128/><F128/><W46/><G130/><T32/><D32/><U84/><E84/><V28/><F28/><AGARI ba="0,3" hai="16,17,21,24,28,40,43,45,47,48,49,63,65,69" machi="28" ten="30,12000,2" yaku="1,1,7,1,9,1,52,2,54,1,53,1" doraHai="37" doraHaiUra="25" who="1" fromWho="2" sc="240,0,240,150,240,-120,250,0" /><INIT seed="1,0,0,0,5,57" ten="240,390,120,250" oya="1" hai0="104,53,8,13,6,96,92,14,36,100,84,135,42" hai1="70,62,48,21,67,51,95,55,83,133,121,38,74" hai2="118,130,97,3,39,87,88,30,59,120,72,66,112" hai3="106,79,5,94,2,110,7,68,102,128,132,58,119"/><U93/><E121/><V47/><F118/><W15/><G68/><T76/><D135/><U12/><E38/><V75/><F120/><W126/><G2/><T35/><D35/><U27/><E133/><V99/><F3/><W18/><G132/><T77/><D77/><U49/><E12/><V25/><F130/><W82/><G106/><T23/><D36/><U98/><E55/><V71/><F112/><W134/><G134/><T69/><D42/><U123/><E123/><V105/><F59/><W20/><G110/><T109/><D69/><U40/><E40/><V115/><F115/><W9/><G126/><T108/><D53/><U22/><E22/><V61/><F47/><W117/><G128/><T73/><D73/><U41/><E41/><V114/><F97/><W131/><G131/><T11/><D23/><U34/><E34/><N who="2" m="20815" /><F39/><W4/><G58/><T32/><D32/><U80/><E74/><V33/><F33/><W16/><G102/><T86/><D104/><U1/><E1/><V124/><F124/><W122/><G94/><T28/><D28/><U44/><E44/><V129/><F129/><W54/><G54/><T17/><REACH who="0" step="1"/><D76/><REACH who="0" ten="230,390,120,250" step="2"/><U0/><E21/><V85/><F114/><W50/><G122/><T116/><D116/><U43/><E43/><V90/><F72/><W101/><G117/><T91/><D91/><N who="2" m="34858" /><F75/><W107/><G119/><T45/><D45/><U56/><E70/><V81/><F81/><W89/><G82/><T78/><D78/><U10/><E83/><V125/><F125/><W111/><G79/><T113/><D113/><U52/><E80/><RYUUKYOKU ba="0,1" sc="230,15,390,-15,120,15,250,-15" hai0="6,8,11,13,14,17,84,86,92,96,100,108,109" hai2="61,66,71,85,87,99,105" /><INIT seed="2,1,1,1,2,97" ten="245,375,135,235" oya="2" hai0="56,65,69,50,118,105,92,6,28,24,78,115,79" hai1="99,121,42,67,39,127,70,68,88,64,58,31,61" hai2="72,41,103,16,22,2,12,84,0,73,132,100,60" hai3="47,14,53,77,74,80,110,18,23,33,94,4,119"/><V134/><F41/><W111/><G119/><T45/><D115/><U59/><E127/><V130/><F84/><W30/><G4/><T83/><D118/><U120/><E31/><V20/><F60/><W124/><G124/><T101/><D69/><U43/><E99/><V27/><F130/><W98/><G33/><T117/><D105/><U9/><E9/><V128/><F128/><W86/><G30/><T126/><D126/><U129/><E88/><V3/><F73/><W11/><G23/><N who="0" m="15391" /><D6/><U62/><E129/><V104/><F72/><W125/><G125/><T52/><D83/><U71/><REACH who="1" step="1"/><E39/><REACH who="1" ten="245,365,135,235" step="2"/><V40/><F104/><W7/><G11/><T122/><D117/><U93/><E93/><V108/><F108/><W81/><G98/><N who="0" m="59591" /><D122/><AGARI ba="1,2" hai="42,43,58,59,61,62,64,67,68,70,71,120,121,122" machi="122" ten="50,12000,2" yaku="1,1,9,1,13,1,34,3,53,0" doraHai="97" doraHaiUra="8" who="1" fromWho="0" sc="245,-123,365,143,135,0,235,0" /><INIT seed="3,0,0,5,1,98" ten="122,508,135,235" oya="3" hai0="122,72,87,113,8,10,108,100,66,110,103,14,133" hai1="129,112,91,45,6,59,135,56,18,70,78,104,28" hai2="126,94,15,95,27,116,30,134,83,49,3,42,77" hai3="4,124,51,123,57,16,114,19,109,25,55,38,53"/><W0/><G114/><T80/><D72/><U11/><E112/><V127/><F116/><W92/><G123/><T31/><D122/><U5/><E70/><V102/><F3/><W47/><G124/><N who="2" m="47657" /><F134/><W33/><G109/><N who="0" m="42091" /><D113/><U67/><E91/><V37/><F37/><W79/><G79/><N who="0" m="46495" /><D133/><U36/><E18/><V61/><F61/><W46/><G0/><T24/><D66/><U101/><E67/><V131/><F131/><W118/><G118/><T7/><D8/><U63/><E11/><V88/><F15/><W128/><G128/><T86/><D86/><U71/><E63/><V17/><F17/><W90/><G4/><T85/><D85/><U89/><E5/><V50/><F42/><W84/><G38/><T13/><D13/><U121/><E6/><V64/><F64/><W119/><G119/><T9/><D9/><U75/><E75/><V76/><F77/><W97/><G84/><T125/><D125/><U81/><E36/><V115/><F115/><W73/><G73/><T21/><AGARI ba="0,0" hai="7,10,14,21,24,31,100,103" m="46495,42091" machi="21" ten="30,4000,0" yaku="14,1,52,2" doraHai="98" who="0" fromWho="0" sc="122,40,508,-10,135,-10,235,-20" /><INIT seed="4,0,0,1,4,106" ten="162,498,125,215" oya="0" hai0="76,132,77,49,29,33,16,124,28,96,99,56,126" hai1="95,87,65,40,6,115,81,66,73,93,130,122,92" hai2="1,22,39,116,4,19,2,3,101,119,35,70,118" hai3="74,75,125,85,123,127,51,69,71,120,44,27,53"/><T97/><D132/><U84/><E122/><N who="3" m="46634" /><G85/><T46/><D56/><U14/><E130/><V11/><F39/><W25/><G25/><T45/><D45/><U72/><E40/><V5/><F70/><N who="3" m="26635" /><G27/><N who="0" m="18591" /><D29/><U55/><E55/><V114/><F101/><W100/><G100/><T61/><D61/><U42/><E42/><V102/><F102/><W108/><G108/><T62/><D62/><U88/><E6/><N who="2" m="1487" /><F114/><W12/><G12/><T129/><D129/><U104/><E14/><N who="2" m="9591" /><F35/><W89/><G89/><T121/><D121/><U31/><E88/><V20/><F20/><W90/><G90/><T63/><D63/><U15/><E15/><V8/><F8/><W59/><G59/><T128/><D128/><U37/><E115/><V58/><F58/><W48/><G48/><T135/><D135/><U21/><E21/><V60/><F60/><W10/><G10/><T23/><D49/><U57/><E57/><V110/><F110/><W107/><G107/><T18/><D46/><U64/><E104/><V117/><N who="2" m="29696" /><DORA hai="131" /><V91/><F91/><W103/><G103/><T38/><D38/><U113/><E37/><V0/><AGARI ba="0,0" hai="0,2,3,4,5" m="29696,9591,1487" machi="0" ten="70,8000,1" yaku="12,1,34,2" doraHai="106,131" who="2" fromWho="2" sc="162,-40,498,-20,125,80,215,-20" /><INIT seed="5,0,0,2,0,74" ten="122,478,205,195" oya="1" hai0="60,76,59,37,115,57,7,100,111,84,63,102,82" hai1="32,127,119,29,31,26,94,91,117,36,47,113,97" hai2="21,71,86,46,114,107,123,92,103,28,73,33,75" hai3="125,112,5,62,108,40,27,126,98,58,55,130,89"/><U67/><E113/><V131/><F123/><W34/><G108/><T19/><D37/><U110/><E127/><N who="3" m="48650" /><G130/><T88/><D115/><U116/><E110/><V118/><F118/><W93/><G112/><T23/><D111/><U121/><E121/><V0/><F114/><W4/><G40/><T3/><D3/><U51/><E67/><V104/><F33/><W35/><G27/><T81/><D7/><AGARI ba="0,0" hai="4,5,7,34,35,55,58,62,89,93,98" m="48650" machi="7" ten="30,1000,0" yaku="18,1" doraHai="74" who="3" fromWho="0" sc="122,-10,478,0,205,0,195,10" /><INIT seed="6,0,0,5,5,36" ten="112,478,205,205" oya="2" hai0="60,13,47,111,22,81,20,91,56,62,55,69,29" hai1="70,95,133,40,86,52,66,80,61,54,41,26,43" hai2="2,7,71,53,72,27,125,82,68,110,15,75,65" hai3="109,1,49,11,135,88,130,39,128,46,131,17,104"/><V12/><F125/><W32/><G109/><T94/><D111/><U73/><E133/><V113/><F110/><W127/><G127/><T100/><D69/><U14/><E73/><V121/><F121/><W59/><G135/><T83/><D100/><U6/><E95/><V78/><F78/><W4/><BYE who="2" /><G104/><T44/><D62/><U87/><E87/><V3/><F3/><W51/><G32/><T77/><D22/><U23/><E14/><V18/><F18/><W33/><G33/><T107/><D107/><U124/><E6/><V63/><F63/><W74/><G74/><T116/><D116/><U50/><E50/><V48/><F48/><W118/><G118/><T123/><D123/><U84/><E84/><V122/><F122/><W102/><G102/><T98/><D83/><U117/><E117/><V108/><F108/><W93/><G59/><T28/><D28/><U30/><REACH who="1" step="1"/><E124/><REACH who="1" ten="112,468,205,205" step="2"/><V105/><F105/><W76/><G4/><T115/><D115/><U99/><E99/><V24/><F24/><W0/><G0/><T79/><D79/><AGARI ba="0,1" hai="23,26,30,40,41,43,52,54,61,66,70,79,80,86" machi="79" ten="40,8000,1" yaku="1,1,52,3,54,1,53,0" doraHai="36" doraHaiUra="126" who="1" fromWho="0" sc="112,-80,468,90,205,0,205,0" /><UN n2="%E3%83%90%E3%82%AD" /><INIT seed="7,0,0,1,3,20" ten="32,558,205,205" oya="3" hai0="54,127,40,104,133,66,50,122,63,44,90,102,75" hai1="87,39,131,83,81,23,14,124,70,42,112,116,76" hai2="134,48,97,78,4,72,86,36,128,80,3,61,106" hai3="34,84,105,89,77,85,31,67,58,96,43,51,26"/><W68/><G68/><T38/><D122/><U99/><E112/><V37/><F128/><W64/><G77/><T6/><D75/><U88/><E131/><V79/><F134/><W35/><G35/><T12/><D90/><U32/><E124/><V10/><F48/><W69/><G69/><T107/><D102/><U73/><E116/><V1/><F1/><W29/><G29/><T0/><D0/><U114/><E114/><V135/><F135/><W27/><G27/><T101/><D12/><U21/><E32/><V82/><REACH who="2" step="1"/><F61/><REACH who="2" ten="32,558,195,205" step="2"/><W22/><G34/><T129/><D133/><U28/><E23/><V65/><F65/><N who="3" m="25163" /><G105/><T8/><D129/><U117/><E70/><V30/><F30/><W92/><G43/><T121/><D127/><U57/><E76/><V11/><F11/><W132/><G132/><T119/><D119/><U2/><E117/><V47/><F47/><W5/><G5/><T111/><D111/><U115/><E115/><V52/><F52/><AGARI ba="0,1" hai="22,26,31,51,52,58,84,85,89,92,96" m="25163" machi="52" ten="30,5800,0" yaku="8,1,52,1,54,1" doraHai="20" who="3" fromWho="2" sc="32,0,558,0,195,-58,205,68" /><INIT seed="7,1,0,2,0,115" ten="32,558,137,273" oya="3" hai0="59,36,7,1,119,18,38,98,22,127,2,89,44" hai1="42,41,125,112,6,114,83,28,111,43,135,15,108" hai2="65,52,107,75,49,12,71,26,131,81,37,55,35" hai3="13,50,57,69,62,123,113,77,54,90,23,109,97"/><W93/><G123/><T4/><D119/><U74/><E135/><V8/><F37/><W0/><G0/><T17/><D127/><U80/><E125/><V5/><F107/><W76/><G113/><N who="1" m="43626" /><E28/><V27/><F131/><W84/><G109/><N who="1" m="42058" /><E74/><V56/><F35/><W92/><G69/><T105/><D59/><U25/><E25/><V118/><F118/><W29/><G62/><T66/><D66/><U45/><E45/><V116/><F116/><W79/><G29/><T39/><D44/><U19/><E6/><V120/><F120/><W11/><G23/><AGARI ba="1,0" hai="15,19,23,41,42,43,80,83" m="42058,43626" machi="23" ten="40,1300,0" yaku="15,1" doraHai="115" who="1" fromWho="3" sc="32,0,558,16,137,0,273,-16" owari="32,-46.8,574,67.4,137,-26.3,257,5.7" /></mjloggm>