<mjloggm ver="2.3"><GO type="169" lobby="0"/><UN n0="%E3%82%B9%E3%82%AB%E3%83%9D%E3%83%B3" n1="%E3%81%9F%E3%81%8B%E3%81%A3%E3%81%A6%E3%81%83%E3%83%BC" n2="%6F%73%72%67" n3="%E3%83%AA%E3%83%B3%E3%83%8D%E3%83%B3" dan="16,17,16,16" rate="2099.08,2185.94,2148.38,2047.46" sx="M,F,M,F"/><TAIKYOKU oya="0"/><INIT seed="0,0,0,5,4,61" ten="250,250,250,250" oya="0" hai0="126,17,132,74,121,56,90,91,55,118,110,54,114" hai1="1,93,112,3,69,45,81,16,82,75,98,39,2" hai2="131,33,67,78,117,85,120,124,73,106,72,49,34" hai3="87,11,58,84,29,31,89,60,127,66,115,96,8"/><T92/><D121/><U27/><E69/><V30/><F120/><W32/><G115/><T9/><D118/><U65/><E112/><V15/><F106/><W64/><G127/><T43/><D114/><U122/><E122/><V76/><F124/><W38/><G38/><T128/><D126/><U99/><E65/><N who="3" m="25194" /><G96/><BYE who="3" /><T40/><D132/><U48/><E39/><V105/><F67/><W36/><G36/><T50/><D128/><U95/><E75/><V129/><F49/><UN n3="%E3%83%AA%E3%83%B3%E3%83%8D%E3%83%B3" /><W10/><G32/><T133/><D74/><U24/><E48/><V53/><F105/><W100/><G100/><T18/><D133/><U26/><E45/><V103/><F103/><W107/><G107/><T7/><D110/><U21/><E21/><V71/><F71/><W88/><G58/><T77/><D77/><U63/><E63/><V47/><F117/><W57/><G57/><T68/><D68/><U109/><E16/><N who="0" m="6249" /><D55/><U20/><E20/><V28/><F72/><W41/><G41/><N who="0" m="15947" /><D92/><N who="1" m="35403" /><E109/><V102/><F73/><W104/><G104/><T0/><D0/><U23/><E23/><V123/><F34/><W6/><G60/><T101/><D101/><U51/><E51/><V52/><F102/><W134/><G134/><T44/><D56/><U59/><E59/><V97/><F33/><W5/><G31/><T111/><D111/><U22/><E22/><V116/><F123/><W14/><G29/><T4/><D9/><N who="3" m="3689" /><G5/><AGARI ba="0,0" hai="4,5,7,44,50,54,90,91" m="15947,6249" machi="5" ten="30,2900,0" yaku="8,1,54,1" doraHai="61" who="0" fromWho="3" sc="250,29,250,0,250,0,250,-29" /><INIT seed="0,1,0,0,1,100" ten="279,250,250,221" oya="0" hai0="28,16,10,67,89,86,20,25,115,70,14,79,6" hai1="45,134,35,39,11,71,80,38,112,0,46,105,32" hai2="19,31,42,48,96,44,135,4,49,103,131,72,128" hai3="75,120,109,3,123,52,95,122,92,15,90,22,66"/><T59/><D115/><U91/><E71/><V104/><F72/><W40/><G3/><T50/><D70/><U65/><E65/><V43/><F31/><W85/><G75/><T116/><D116/><U107/><E112/><V73/><F73/><W1/><G1/><T101/><D101/><U27/><E134/><V37/><F4/><W24/><G40/><T81/><D50/><U7/><E80/><V119/><F135/><W87/><G66/><T63/><REACH who="0" step="1"/><D79/><REACH who="0" ten="269,250,250,221" step="2"/><U125/><E39/><V23/><F119/><W13/><G122/><T26/><D26/><U53/><E38/><V133/><F133/><W77/><G77/><T57/><D57/><U56/><E27/><N who="2" m="14847" /><F42/><W126/><G24/><T111/><D111/><U97/><E56/><V74/><F48/><W82/><G109/><T69/><D69/><U130/><E125/><V12/><F49/><W21/><G126/><T84/><D84/><U110/><E110/><V108/><F74/><W118/><G118/><T34/><D34/><U5/><E35/><V76/><F76/><W18/><G90/><T41/><D41/><U29/><E91/><V114/><F108/><W106/><G123/><T102/><D102/><U51/><E32/><V64/><F114/><W124/><G120/><T129/><D129/><U94/><E130/><V61/><F131/><W132/><G124/><T68/><D68/><U127/><E127/><V93/><F128/><W47/><G132/><T54/><D54/><U113/><E113/><V121/><F121/><W99/><G52/><T117/><D117/><U88/><E51/><V60/><F37/><RYUUKYOKU ba="1,1" sc="269,30,250,-10,250,-10,221,-10" hai0="6,10,14,16,20,25,28,59,63,67,81,86,89" /><INIT seed="0,2,1,3,3,47" ten="299,240,240,211" oya="0" hai0="20,37,101,13,118,26,53,40,134,78,79,121,115" hai1="22,58,41,44,7,30,14,99,89,48,97,72,45" hai2="100,69,2,135,65,60,107,34,113,88,67,49,83" hai3="91,50,102,116,36,10,57,39,119,81,21,3,28"/><T123/><D118/><U0/><E72/><V23/><F113/><W66/><G102/><T70/><D115/><U35/><E35/><V12/><F2/><W17/><G28/><T54/><D134/><U105/><E105/><V95/><F34/><W1/><G119/><T76/><D70/><U80/><E0/><V33/><F33/><W133/><G116/><T4/><D101/><U27/><E58/><V38/><F38/><W71/><G133/><T126/><D126/><U110/><E110/><V103/><F67/><W25/><G39/><T130/><D130/><U8/><REACH who="1" step="1"/><E45/><REACH who="1" ten="299,230,240,211" step="2"/><V46/><F107/><W109/><G109/><T74/><D74/><U51/><E51/><V96/><F135/><W75/><G75/><T108/><D108/><U111/><E111/><V104/><F104/><W92/><G36/><T5/><D37/><U129/><E129/><V125/><F125/><W131/><G50/><T82/><D123/><U29/><E29/><V18/><REACH who="2" step="1"/><F83/><REACH who="2" ten="299,230,230,211" step="2"/><W127/><G81/><T94/><D82/><U42/><E42/><AGARI ba="2,3" hai="12,18,23,42,46,49,60,65,69,88,95,96,100,103" machi="42" ten="30,12000,2" yaku="1,1,2,1,7,1,52,1,54,1,53,2" doraHai="47" doraHaiUra="98" who="2" fromWho="1" sc="299,0,230,-126,230,156,211,0" /><INIT seed="1,0,0,0,2,20" ten="299,104,386,211" oya="1" hai0="19,71,63,123,101,57,2,102,54,39,73,21,12" hai1="96,126,66,87,15,128,92,52,113,23,5,40,80" hai2="59,106,121,124,135,6,67,58,13,65,48,74,43" hai3="115,11,18,25,22,46,132,38,28,9,111,35,103"/><U78/><E113/><V16/><F74/><W69/><G115/><T31/><D123/><U3/><E128/><V90/><F121/><W110/><G69/><T97/><D73/><U95/><E126/><V129/><F106/><W36/><G103/><T50/><D2/><U79/><E66/><V68/><F68/><W53/><G53/><T112/><D112/><U130/><E130/><V81/><F129/><W27/><G132/><T94/><D39/><U116/><E116/><V45/><F6/><W122/><G122/><T41/><D31/><U86/><E40/><V114/><F135/><W44/><G38/><T105/><D105/><U98/><E3/><V119/><F124/><W26/><G46/><N who="0" m="25935" /><D71/><U29/><E52/><N who="2" m="29711" /><F119/><W88/><G88/><AGARI ba="0,0" hai="12,19,21,54,57,63,88,94,97,101,102" m="25935" machi="88" ten="30,2000,0" yaku="8,1,54,1" doraHai="20" who="0" fromWho="3" sc="299,20,104,0,386,0,211,-20" /><INIT seed="2,0,0,2,2,110" ten="319,104,386,191" oya="2" hai0="52,121,68,0,35,89,96,111,84,57,127,107,87" hai1="74,128,32,91,108,101,81,22,93,131,13,63,95" hai2="113,28,1,62,117,123,112,4,11,72,18,134,80" hai3="36,46,7,135,25,82,130,40,38,85,114,120,27"/><V90/><F117/><W79/><G120/><T21/><D35/><U88/><E32/><V116/><F116/><W124/><G124/><T66/><D111/><U119/><E119/><V12/><F123/><W17/><G38/><T132/><D132/><U29/><E108/><V102/><F102/><W65/><G135/><T70/><D127/><U24/><E101/><V133/><F134/><W23/><G130/><N who="1" m="49706" /><E13/><V50/><F133/><W34/><G65/><T73/><D73/><U92/><E63/><V71/><F50/><W86/><G7/><T26/><D0/><U103/><E103/><V129/><F28/><W9/><G9/><T37/><D37/><U41/><E41/><V78/><F90/><W48/><G36/><T43/><D43/><U6/><E6/><V76/><F76/><AGARI ba="0,0" hai="22,24,29,74,76,81,88,91,92,93,95" m="49706" machi="76" ten="30,2000,0" yaku="19,1,54,1" doraHai="110" who="1" fromWho="2" sc="319,0,104,20,386,-20,191,0" /><INIT seed="3,0,0,2,4,4" ten="319,124,366,191" oya="3" hai0="101,125,17,111,114,42,9,61,68,36,25,10,90" hai1="34,117,134,100,109,89,0,107,6,133,21,29,88" hai2="113,91,7,8,44,47,135,14,46,22,104,110,115" hai3="126,49,92,82,13,127,28,48,35,128,86,16,78"/><W83/><G128/><T58/><D68/><U57/><E34/><V41/><F104/><W31/><G92/><T59/><D111/><U66/><E109/><V123/><F110/><W67/><G67/><T19/><D36/><U119/><E66/><V33/><F33/><W30/><G35/><T51/><D125/><N who="3" m="47625" /><G83/><T1/><D1/><U105/><E57/><N who="0" m="21513" /><D61/><U116/><E29/><V118/><F118/><W103/><G103/><T52/><D101/><U37/><E37/><V75/><F75/><W50/><G31/><T79/><D42/><U45/><E21/><AGARI ba="0,0" hai="13,16,21,28,30,48,49,50,78,82,86" m="47625" machi="21" ten="30,2900,0" yaku="18,1,54,1" doraHai="4" who="3" fromWho="1" sc="319,0,124,-29,366,0,191,29" /><INIT seed="3,1,0,4,0,99" ten="319,95,366,220" oya="3" hai0="62,120,31,48,114,79,59,6,100,47,61,44,116" hai1="11,110,7,8,90,87,95,84,13,21,85,32,107" hai2="63,52,73,118,56,121,105,98,15,53,106,122,130" hai3="74,124,134,117,24,125,43,18,49,75,39,37,88"/><W36/><G117/><T54/><D120/><N who="2" m="46186" /><F118/><W66/><G66/><T23/><D116/><U119/><E32/><V80/><F130/><W42/><G134/><T89/><D114/><U1/><E119/><V77/><F15/><W132/><G132/><T41/><D6/><U135/><E135/><V86/><F73/><W72/><G49/><T51/><D79/><U115/><E115/><V25/><F25/><W129/><G129/><T38/><D89/><U12/><E110/><V127/><F127/><W27/><G88/><T40/><D100/><U133/><E133/><V128/><F128/><W81/><G81/><T29/><D23/><U16/><REACH who="1" step="1"/><E107/><REACH who="1" ten="319,85,366,220" step="2"/><V57/><F106/><W10/><G10/><T92/><D92/><U71/><E71/><V64/><F105/><W68/><G68/><T19/><REACH who="0" step="1"/><D19/><AGARI ba="1,1" hai="1,7,8,11,12,13,16,19,21,84,85,87,90,95" machi="19" ten="30,3900,0" yaku="1,1,7,1,54,1,53,0" doraHai="99" doraHaiUra="55" who="1" fromWho="0" sc="319,-42,85,52,366,0,220,0" /><INIT seed="4,0,0,3,5,77" ten="277,137,366,220" oya="0" hai0="17,111,106,108,25,37,29,26,20,120,127,72,117" hai1="122,102,69,78,44,86,28,133,22,32,38,82,104" hai2="39,42,123,0,124,8,45,51,98,71,50,88,24" hai3="129,16,135,74,40,100,81,53,101,48,119,112,10"/><T73/><D120/><U14/><E122/><V13/><F71/><W58/><G119/><T61/><D117/><U70/><E133/><V115/><F115/><W66/><G112/><T134/><D134/><U18/><E104/><V52/><F0/><W65/><G129/><T35/><D127/><U116/><E102/><V33/><F124/><W121/><G135/><T41/><D106/><U130/><E116/><V19/><F123/><W49/><G74/><T59/><D41/><U96/><E96/><V94/><F33/><W15/><G121/><T34/><D37/><U80/><E130/><V89/><F24/><W132/><G132/><T131/><D35/><U23/><E32/><V126/><F126/><W30/><G30/><T76/><D131/><U56/><E56/><N who="2" m="32791" /><F39/><W64/><REACH who="3" step="1"/><G81/><REACH who="3" ten="277,137,366,210" step="2"/><T128/><D128/><U67/><E28/><V4/><F4/><W109/><G109/><T105/><D73/><U118/><E118/><V110/><F110/><W95/><G95/><T92/><D92/><U43/><E67/><V9/><F9/><W57/><G57/><T87/><D72/><U62/><E23/><V107/><F107/><W27/><G27/><T46/><D105/><U93/><E93/><V11/><F11/><W7/><G7/><T113/><D113/><U31/><E31/><V36/><F36/><W97/><G97/><T75/><D75/><U85/><REACH who="1" step="1"/><E62/><REACH who="1" ten="277,127,366,210" step="2"/><V90/><AGARI ba="0,2" hai="8,13,19,42,45,51,88,89,90,94,98" m="32791" machi="90" ten="30,4000,0" yaku="8,1,54,2" doraHai="77" who="2" fromWho="2" sc="277,-20,127,-10,366,60,210,-10" /><INIT seed="5,0,0,0,1,59" ten="257,117,426,200" oya="1" hai0="89,74,116,93,28,79,81,17,124,32,9,10,73" hai1="38,75,13,31,134,44,123,130,97,102,69,61,113" hai2="82,1,128,63,3,122,99,115,39,92,21,51,15" hai3="30,33,76,88,70,87,50,26,114,91,104,105,98"/><U42/><E123/><V111/><F39/><W55/><G114/><T85/><D116/><U53/><E113/><V117/><F115/><W54/><G70/><T11/><D124/><U118/><E118/><V84/><F117/><W52/><G50/><T34/><D28/><U95/><E130/><V43/><F111/><W103/><REACH who="3" step="1"/><G105/><REACH who="3" ten="257,117,426,190" step="2"/><T119/><D119/><U29/><E134/><V12/><F51/><W41/><G41/><T127/><D127/><U71/><E75/><V40/><F43/><W72/><G72/><T131/><D131/><U37/><E37/><V35/><F40/><W36/><G36/><T20/><REACH who="0" step="1"/><D74/><REACH who="0" ten="247,117,426,190" step="2"/><U24/><E71/><V16/><F128/><W125/><G125/><T57/><D57/><U62/><E69/><V121/><F122/><W60/><G60/><T6/><D6/><U23/><E31/><V2/><F63/><W135/><G135/><T4/><D4/><U96/><E53/><V126/><F121/><W120/><G120/><T49/><D49/><U80/><E80/><AGARI ba="0,2" hai="26,30,33,52,54,55,76,80,87,88,91,98,103,104" machi="80" ten="40,5200,0" yaku="1,1,54,2,53,0" doraHai="59" doraHaiUra="90" who="3" fromWho="1" sc="247,0,117,-52,426,0,190,72" /><INIT seed="6,0,0,0,5,48" ten="247,65,426,262" oya="2" hai0="32,8,34,23,113,123,129,33,43,74,96,11,14" hai1="122,54,44,12,35,107,22,106,109,60,116,13,50" hai2="100,21,124,47,41,70,72,40,5,2,98,68,87" hai3="55,69,81,120,112,117,19,27,118,94,99,3,18"/><V115/><F72/><W20/><G120/><T62/><D74/><U28/><E109/><V24/><F115/><W61/><G3/><T79/><D79/><U65/><E116/><V59/><F41/><W127/><G127/><T17/><D123/><U7/><E122/><V110/><F110/><W30/><G112/><T31/><D96/><U82/><E35/><N who="0" m="13385" /><D62/><U95/><E82/><V126/><F87/><W38/><G38/><T105/><D105/><U101/><E107/><V104/><F5/><W125/><G125/><T88/><D88/><U58/><E106/><V93/><F2/><W63/><G118/><T130/><D43/><U89/><E7/><V51/><F104/><W80/><G117/><T49/><D49/><U0/><E0/><V6/><F6/><W97/><G63/><T56/><D56/><U9/><E9/><N who="0" m="3657" /><D113/><U10/><E10/><V77/><F77/><W135/><G99/><T75/><D75/><U46/><E46/><V134/><F126/><W85/><G85/><T108/><D108/><U128/><E128/><V91/><F124/><W131/><G131/><T114/><D114/><U83/><E83/><V4/><F70/><W64/><G81/><T37/><D37/><U16/><E101/><V53/><F68/><W57/><G80/><T26/><AGARI ba="0,0" hai="14,17,23,26,31,34,129,130" m="3657,13385" machi="26" ten="40,2700,0" yaku="34,2" doraHai="48" who="0" fromWho="0" sc="247,27,65,-7,426,-13,262,-7" /><INIT seed="7,0,0,0,5,96" ten="274,58,413,255" oya="3" hai0="35,71,15,109,95,45,110,12,24,113,98,124,20" hai1="82,16,131,114,125,116,128,100,84,126,9,115,77" hai2="107,38,4,118,36,83,13,132,133,54,92,56,29" hai3="63,51,69,129,48,50,31,117,94,34,32,106,93"/><W119/><G106/><T79/><D71/><U111/><E9/><V18/><F107/><W66/><G129/><T112/><D35/><U60/><E60/><V78/><F29/><W99/><G94/><T81/><D45/><U37/><E37/><V102/><F4/><W59/><G69/><T87/><D124/><U11/><E11/><V130/><F130/><N who="1" m="49705" /><E16/><V28/><F28/><W25/><REACH who="3" step="1"/><G32/><REACH who="3" ten="274,58,413,245" step="2"/><T53/><D110/><U39/><E111/><V97/><F118/><W58/><G58/><T26/><D109/><U57/><E57/><V74/><F36/><W120/><G120/><T104/><D104/><U49/><E39/><V70/><F38/><W21/><G21/><T7/><D113/><N who="1" m="43019" /><E116/><V105/><F70/><W0/><G0/><T65/><D112/><U75/><E49/><V90/><F56/><W123/><G123/><T103/><D20/><U108/><E108/><V80/><F54/><W67/><G67/><T127/><D53/><U86/><E126/><V43/><F43/><W10/><G10/><T44/><D127/><U1/><E1/><V8/><F83/><W72/><G72/><T64/><D81/><U41/><E41/><V2/><F2/><W89/><AGARI ba="0,1" hai="25,31,34,48,50,51,59,63,66,89,93,99,117,119" machi="89" ten="30,6000,0" yaku="1,1,0,1,53,1" doraHai="96" doraHaiUra="62" who="3" fromWho="3" sc="274,-20,58,-20,413,-20,245,70" /><INIT seed="7,1,0,4,1,32" ten="254,38,393,315" oya="3" hai0="78,131,119,29,87,77,94,72,116,16,101,22,83" hai1="46,113,65,42,118,21,74,54,9,27,82,130,98" hai2="120,1,117,111,48,49,135,104,64,17,39,2,95" hai3="67,105,8,26,13,123,19,75,23,70,40,7,10"/><W97/><G75/><T43/><D131/><U96/><E65/><V41/><F104/><W85/><G123/><T61/><D29/><U6/><E54/><V50/><F111/><W33/><G40/><T114/><D43/><U92/><E92/><V86/><F117/><W115/><G115/><T79/><D114/><U125/><E82/><V103/><F64/><W124/><G124/><T51/><D72/><U121/><E21/><V133/><F120/><W62/><G85/><T12/><D119/><U59/><E59/><V80/><F17/><W56/><G56/><T129/><D116/><U88/><E9/><V35/><F35/><W53/><G53/><T0/><D129/><U100/><E100/><V107/><F107/><W18/><G18/><T76/><D0/><U66/><E66/><V84/><F39/><W71/><G71/><T28/><D28/><U47/><E47/><V134/><F41/><W5/><G5/><T60/><REACH who="0" step="1"/><D51/><REACH who="0" ten="244,38,393,315" step="2"/><U37/><E42/><V3/><F50/><W55/><G7/><T109/><D109/><U106/><E6/><V128/><F49/><W91/><G19/><T73/><D73/><U24/><E74/><V14/><F48/><W89/><G33/><T63/><D63/><U69/><E113/><V93/><F128/><W52/><G62/><T112/><D112/><U110/><E118/><V4/><F4/><N who="3" m="3207" /><G70/><T102/><D102/><U25/><E69/><V36/><F133/><W34/><G34/><T122/><D122/><U58/><E121/><V31/><F135/><W81/><G105/><T126/><D126/><U11/><E125/><RYUUKYOKU ba="1,1" sc="244,30,38,-10,393,-10,315,-10" hai0="12,16,22,60,61,76,77,78,79,83,87,94,101" owari="274,-12.6,28,-47.2,393,49.3,305,10.5" /></mjloggm>