<mjloggm ver="2.3"><GO type="169" lobby="0"/><UN n0="%E7%89%8C%E6%B5%81%E7%8A%B6%E6%85%8B%E9%BA%BB%E9%9B%80" n1="%E9%AB%98%E6%A9%8B%E8%89%AF%E5%A4%AA" n2="%E3%83%90%E3%82%AD" n3="%E9%B3%B4%E3%81%8D%E3%83%80%E3%83%AB%E3%83%9E" dan="17,16,16,17" rate="2240.98,2122.14,2189.39,2250.48" sx="M,M,M,M"/><TAIKYOKU oya="0"/><INIT seed="0,0,0,1,5,126" ten="250,250,250,250" oya="0" hai0="40,35,109,111,115,8,98,69,47,72,19,1,124" hai1="104,83,112,0,12,66,13,50,100,3,134,92,118" hai2="30,9,53,2,18,26,11,61,70,95,10,52,43" hai3="27,16,119,7,46,94,97,121,80,101,31,107,78"/><T130/><D115/><U128/><E112/><V14/><F2/><W116/><G121/><T62/><D124/><U103/><E118/><V68/><F43/><W75/><G7/><T49/><D72/><U108/><E83/><V32/><F95/><W76/><G76/><T84/><D35/><U79/><E79/><V135/><F135/><W117/><G46/><T82/><D98/><U131/><E108/><N who="0" m="41545" /><D19/><U106/><E92/><V105/><F105/><W44/><G44/><T110/><D110/><U17/><E17/><V34/><F32/><W37/><G37/><T5/><D62/><U6/><E6/><V90/><F90/><W99/><G16/><T65/><D65/><U60/><E60/><V85/><F85/><W120/><G120/><T22/><D22/><U87/><E66/><V56/><REACH who="2" step="1"/><F53/><REACH who="2" ten="250,250,240,250" step="2"/><W51/><G117/><T123/><D123/><U48/><REACH who="1" step="1"/><E87/><REACH who="1" ten="250,240,240,250" step="2"/><V59/><F59/><W20/><G116/><T33/><D69/><AGARI ba="0,2" hai="9,10,11,14,18,26,30,34,52,56,61,68,69,70" machi="69" ten="40,2600,0" yaku="1,1,54,1,53,0" doraHai="126" doraHaiUra="39" who="2" fromWho="0" sc="250,-26,240,0,240,46,250,0" /><INIT seed="1,0,0,5,2,127" ten="224,240,286,250" oya="1" hai0="118,97,46,128,55,93,111,107,61,31,4,88,106" hai1="83,26,70,17,12,89,123,87,126,108,54,131,103" hai2="49,10,59,75,99,96,84,82,68,69,115,90,134" hai3="58,39,129,100,104,50,80,63,133,73,1,52,94"/><U114/><E114/><V62/><F134/><W86/><G1/><T48/><D118/><U27/><E123/><V47/><F115/><W65/><G39/><T112/><D112/><U121/><E121/><V56/><F75/><W102/><G133/><T7/><D111/><U6/><E126/><V28/><F28/><W43/><G43/><T81/><D31/><U20/><E108/><V95/><F99/><W8/><G104/><T53/><D81/><U29/><E70/><V57/><F10/><W71/><G8/><T5/><REACH who="0" step="1"/><D128/><REACH who="0" ten="214,240,286,250" step="2"/><U109/><E109/><V37/><F62/><W91/><REACH who="3" step="1"/><G129/><REACH who="3" ten="214,240,286,240" step="2"/><T120/><D120/><U19/><E131/><V18/><F37/><W41/><G41/><T92/><D92/><U74/><E74/><V132/><F132/><W117/><G117/><T33/><D33/><U22/><E6/><V98/><F95/><W78/><AGARI ba="0,2" hai="50,52,58,63,65,71,73,78,80,86,91,94,100,102" machi="78" ten="30,4000,0" yaku="1,1,0,1,54,1,53,0" doraHai="127" doraHaiUra="14" who="3" fromWho="3" sc="214,-10,240,-20,286,-10,240,60" /><INIT seed="2,0,0,3,1,20" ten="204,220,276,300" oya="2" hai0="9,91,59,49,129,63,61,119,127,124,34,16,118" hai1="62,13,31,28,89,133,97,43,115,126,68,77,70" hai2="42,47,79,74,54,41,19,122,22,27,102,90,17" hai3="120,6,96,69,44,131,10,71,93,15,40,106,4"/><V121/><F102/><W58/><G120/><T65/><D34/><U64/><E115/><V8/><F54/><W67/><G106/><T99/><D91/><U101/><E126/><N who="0" m="48169" /><D99/><U92/><E133/><V135/><F135/><W76/><G76/><T86/><D86/><U78/><E70/><V72/><F42/><W57/><G6/><T5/><D129/><U108/><E108/><V83/><F74/><W66/><G71/><N who="0" m="42415" /><D16/><U1/><E43/><V73/><F72/><W103/><G69/><T132/><D132/><U7/><E1/><V30/><F90/><W128/><G131/><T105/><D105/><U130/><E130/><V48/><REACH who="2" step="1"/><F8/><REACH who="2" ten="204,220,266,300" step="2"/><W32/><G128/><T85/><D9/><U87/><E77/><V25/><F25/><W21/><G103/><T94/><D119/><U109/><E78/><V75/><F75/><W23/><G40/><T14/><D118/><U110/><E101/><V104/><F104/><W88/><G67/><T60/><D60/><U125/><E125/><V29/><F29/><W2/><G66/><T80/><D63/><U38/><E28/><V11/><F11/><W113/><G88/><T116/><D116/><U24/><E31/><V35/><F35/><W3/><G32/><T112/><D112/><U37/><E87/><V134/><F134/><W53/><G113/><T39/><D85/><U50/><E89/><V45/><F45/><W46/><G44/><T12/><D94/><U81/><E92/><V26/><F26/><W95/><G95/><T117/><D117/><U111/><E24/><V18/><AGARI ba="0,1" hai="17,18,19,22,27,30,41,47,48,73,79,83,121,122" machi="18" ten="30,6000,0" yaku="1,1,0,1,52,1,53,0" doraHai="20" doraHaiUra="0" who="2" fromWho="2" sc="204,-20,220,-20,266,70,300,-20" /><INIT seed="2,1,0,1,0,118" ten="184,200,336,280" oya="2" hai0="29,101,37,2,130,61,32,119,45,129,81,95,19" hai1="18,79,26,63,124,54,30,34,31,9,12,135,73" hai2="5,107,112,39,25,120,67,88,90,60,1,10,4" hai3="20,76,33,13,115,53,78,71,105,111,123,70,15"/><V6/><F120/><W80/><G111/><T106/><D106/><U16/><E73/><V55/><F112/><W82/><G105/><T94/><D119/><U11/><E79/><V28/><F39/><W27/><G33/><T43/><D2/><U96/><E96/><V74/><F74/><W83/><G115/><T56/><D19/><U66/><E135/><V50/><F107/><W91/><G91/><T17/><D17/><U44/><E124/><V131/><F131/><N who="0" m="50186" /><D101/><U134/><E134/><V24/><F5/><W128/><G128/><T75/><D29/><U3/><E31/><V77/><F77/><W100/><G100/><T116/><D32/><U69/><E3/><V110/><F6/><W97/><G97/><T21/><D21/><U62/><E18/><V0/><F1/><W109/><G109/><T117/><D116/><U68/><E69/><V85/><F110/><W122/><G53/><N who="0" m="33935" /><D117/><U65/><E66/><V47/><F28/><W72/><G82/><T86/><D75/><U38/><E38/><V48/><F90/><AGARI ba="1,0" hai="37,43,45,81,86,90,94,95" m="33935,50186" machi="90" ten="30,1000,0" yaku="19,1" doraHai="118" who="0" fromWho="2" sc="184,13,200,0,336,-13,280,0" /><INIT seed="3,0,0,1,4,31" ten="197,200,323,280" oya="3" hai0="56,22,47,52,128,57,53,17,126,29,64,43,110" hai1="2,7,117,30,125,20,23,3,76,83,132,93,96" hai2="74,89,15,9,8,97,62,103,131,129,58,95,121" hai3="1,111,55,116,59,73,44,40,109,39,50,48,107"/><W115/><G1/><T18/><D110/><N who="3" m="41993" /><G73/><T118/><D118/><U67/><E117/><V28/><F74/><W32/><G116/><T34/><D128/><N who="2" m="49226" /><F121/><W21/><G107/><T78/><D78/><U86/><E7/><N who="2" m="3487" /><F28/><W94/><G21/><T88/><D64/><U13/><E125/><V41/><F41/><W70/><G94/><T130/><D126/><U127/><E132/><V114/><F9/><W79/><G79/><T92/><D22/><U123/><E123/><V108/><F108/><W49/><G32/><T42/><D130/><U122/><E127/><V4/><F4/><W87/><G87/><T27/><D42/><U98/><E122/><V113/><F89/><W120/><G120/><T63/><D47/><U72/><E72/><V71/><F71/><W33/><G33/><T135/><D43/><U65/><E23/><V66/><AGARI ba="0,0" hai="58,62,66,95,97,103,113,114" m="3487,49226" machi="66" ten="30,1100,0" yaku="19,1" doraHai="31" who="2" fromWho="2" sc="197,-3,200,-3,323,11,280,-5" /><INIT seed="4,0,0,3,0,29" ten="194,197,334,275" oya="0" hai0="128,60,81,82,133,65,25,76,107,39,0,100,102" hai1="104,113,9,89,108,105,53,87,31,127,99,10,43" hai2="106,47,20,54,55,117,101,46,110,2,44,50,131" hai3="34,26,86,4,85,93,124,132,16,125,129,109,68"/><T23/><D0/><U72/><E108/><V57/><F2/><W21/><G109/><T33/><D39/><U27/><E72/><V15/><F110/><W36/><G36/><T48/><D128/><U96/><E43/><V73/><F73/><W92/><G129/><T121/><D121/><U12/><E127/><N who="3" m="48714" /><G68/><T24/><D48/><U115/><E53/><V19/><F131/><W6/><G132/><T3/><D3/><U111/><E111/><V51/><F117/><W74/><G74/><T70/><D133/><U56/><E56/><V79/><F79/><W112/><G112/><N who="1" m="43082" /><E9/><V78/><F78/><W103/><G34/><T130/><D130/><U62/><E62/><V118/><F118/><W119/><G119/><T123/><D123/><U84/><E87/><N who="3" m="33290" /><G103/><T5/><D102/><U71/><E71/><V38/><F38/><W135/><G135/><T17/><D76/><U37/><E37/><V116/><F116/><W114/><G114/><T95/><D70/><U22/><E96/><V13/><F101/><W69/><G69/><T1/><D100/><U67/><E67/><V98/><F98/><W32/><G32/><T42/><D33/><U122/><E99/><V14/><REACH who="2" step="1"/><F106/><REACH who="2" ten="194,197,324,275" step="2"/><W134/><G134/><T8/><D107/><U97/><E97/><V120/><F120/><W30/><G30/><T83/><D1/><U90/><E122/><V66/><F66/><W94/><AGARI ba="0,1" hai="4,6,16,21,26,92,93,94" m="33290,48714" machi="94" ten="40,2700,0" yaku="18,1,54,1" doraHai="29" who="3" fromWho="3" sc="194,-13,197,-7,324,-7,275,37" /><INIT seed="5,0,0,2,0,50" ten="181,190,317,312" oya="1" hai0="108,56,58,135,66,102,115,57,26,128,75,111,13" hai1="33,84,61,14,59,125,114,93,49,113,10,46,19" hai2="29,98,11,92,65,22,103,51,96,104,18,23,132" hai3="73,78,116,87,83,68,41,99,21,16,48,40,32"/><U24/><E125/><V39/><F39/><W94/><G116/><T122/><D75/><U20/><E33/><V64/><F132/><W89/><G68/><T81/><D81/><U52/><E93/><V34/><F34/><W107/><G32/><T17/><D135/><U119/><E119/><V7/><F29/><W117/><G117/><T86/><D86/><U131/><E131/><V133/><F133/><W43/><G48/><T109/><D128/><U70/><E70/><V91/><F51/><W3/><G3/><T2/><D2/><U53/><REACH who="1" step="1"/><E84/><REACH who="1" ten="181,180,317,312" step="2"/><V25/><REACH who="2" step="1"/><F23/><REACH who="2" ten="181,180,307,312" step="2"/><W79/><G21/><T47/><D111/><U112/><E112/><V101/><F101/><W123/><G73/><T27/><D102/><U80/><E80/><V88/><F88/><W69/><G89/><T72/><D72/><U9/><E9/><V97/><F97/><W74/><G74/><T0/><D115/><U35/><E35/><V12/><AGARI ba="0,2" hai="7,11,12,18,22,25,64,65,91,92,96,98,103,104" machi="12" ten="20,2700,0" yaku="1,1,0,1,7,1,53,0" doraHai="50" doraHaiUra="121" who="2" fromWho="2" sc="181,-7,180,-13,307,47,312,-7" /><INIT seed="6,0,0,0,1,72" ten="174,167,354,305" oya="2" hai0="45,14,63,30,13,131,27,86,93,52,80,31,109" hai1="4,11,111,124,83,1,16,26,29,39,134,104,102" hai2="94,107,100,46,65,33,64,85,115,7,130,123,21" hai3="96,135,89,108,69,36,49,12,99,61,35,110,76"/><V18/><F123/><W70/><G35/><T78/><D131/><U0/><E111/><V20/><F33/><W42/><G36/><T9/><D109/><U117/><E117/><V37/><F115/><W79/><G135/><T55/><D13/><U32/><E134/><V126/><F130/><W3/><G3/><T127/><D127/><U47/><E124/><V50/><F37/><W60/><G89/><T54/><D93/><U56/><E56/><V68/><F68/><W5/><G12/><T122/><D122/><U15/><E104/><V25/><F107/><W19/><G49/><N who="0" m="28719" /><D27/><U91/><E102/><V101/><F7/><W113/><G5/><N who="0" m="3375" /><D63/><U120/><E120/><V103/><F126/><W57/><G113/><T73/><D73/><U66/><E4/><V67/><F21/><W105/><G105/><T128/><D128/><U121/><E121/><V6/><F6/><W74/><G74/><T92/><D92/><U24/><E26/><V77/><F94/><W38/><G38/><T112/><D112/><U106/><E106/><V129/><F129/><W28/><G42/><T59/><D59/><U8/><E11/><V58/><F58/><W95/><G57/><T41/><D41/><N who="1" m="22975" /><E0/><V44/><F50/><W87/><G95/><T114/><D114/><U51/><E51/><V62/><F62/><W118/><G118/><T132/><D132/><U82/><E1/><V98/><F103/><W84/><G19/><T43/><D43/><U116/><E116/><V10/><F101/><W22/><G22/><T88/><D88/><U119/><E119/><V133/><F133/><RYUUKYOKU ba="0,0" sc="174,15,167,-15,354,-15,305,15" hai0="30,31,54,55,78,80,86" hai3="28,60,61,69,70,76,79,84,87,96,99,108,110" /><INIT seed="7,1,0,5,5,130" ten="189,152,339,320" oya="3" hai0="65,71,128,112,4,1,25,108,53,6,125,26,54" hai1="49,74,116,60,59,11,93,31,18,88,13,123,2" hai2="68,100,30,76,0,40,83,120,90,36,115,66,103" hai3="85,35,133,105,46,8,29,111,21,107,22,135,44"/><W96/><G111/><T62/><D108/><U134/><E123/><V24/><F0/><W113/><G113/><T67/><D128/><U19/><E116/><V94/><F120/><W41/><G8/><T114/><D125/><U14/><E2/><V118/><F118/><W17/><G46/><T9/><D4/><U28/><E49/><V117/><F117/><W124/><G124/><T77/><D77/><U38/><E74/><V45/><F115/><N who="0" m="44074" /><D67/><U75/><E38/><V34/><F68/><W104/><G96/><T63/><D63/><U47/><E47/><V72/><F66/><W15/><G35/><T110/><D110/><U10/><E75/><V70/><F70/><W42/><G85/><AGARI ba="1,0" hai="24,30,34,36,40,45,72,76,83,85,90,94,100,103" machi="85" ten="30,1000,0" yaku="7,1" doraHai="130" who="2" fromWho="3" sc="189,0,152,0,339,13,320,-13" owari="189,-21.1,152,-34.8,352,45.2,307,10.7" /></mjloggm>