<mjloggm ver="2.3"><GO type="169" lobby="0"/><UN n0="%E3%81%8B%E3%81%B6%E8%8C%B6" n1="%E7%88%86%E7%89%8C%E3%82%A6%E3%82%B7%E3%82%B8%E3%83%9E%E3%81%8F%E3%82%93" n2="%69%50%68%6F%6E%65%31" n3="%4D%72%52%41%4D%4F" dan="16,18,17,16" rate="2122.15,2192.03,2120.21,2106.98" sx="M,M,M,M"/><TAIKYOKU oya="0"/><INIT seed="0,0,0,0,1,93" ten="250,250,250,250" oya="0" hai0="111,118,23,88,5,42,67,107,72,8,2,100,89" hai1="9,33,99,73,53,79,6,34,4,60,20,82,120" hai2="40,129,134,21,16,54,122,131,15,126,124,70,7" hai3="97,38,43,36,92,68,48,32,105,46,58,113,81"/><T25/><D118/><U90/><E120/><V135/><F70/><W1/><G113/><T94/><D72/><U112/><E112/><V102/><F122/><W110/><G1/><T101/><D42/><U61/><E6/><V91/><F102/><W19/><G32/><T119/><D119/><U71/><E20/><V31/><F40/><W27/><G105/><T69/><D107/><U51/><E61/><V49/><F91/><W41/><G68/><T30/><D89/><U109/><E109/><V26/><F7/><W0/><G0/><T74/><D74/><U52/><E60/><V78/><F78/><W95/><G81/><T17/><D69/><U35/><E71/><V13/><F54/><W29/><G19/><T104/><D67/><U24/><E24/><V39/><F49/><W50/><G58/><T123/><D104/><U125/><E125/><N who="2" m="48235" /><F39/><W106/><G106/><T11/><D123/><U75/><E75/><V76/><F76/><W56/><G38/><T132/><D111/><U117/><E117/><V62/><F62/><W65/><G36/><T116/><D116/><U45/><E53/><V63/><F63/><N who="3" m="38119" /><G110/><T121/><D121/><U14/><REACH who="1" step="1"/><E90/><REACH who="1" ten="250,240,250,250" step="2"/><V133/><F15/><W114/><G114/><T59/><D100/><U103/><E103/><V83/><F83/><W130/><G27/><T44/><D101/><U64/><E64/><V12/><F13/><W10/><G43/><T85/><D25/><U18/><E18/><V96/><F12/><W28/><G41/><T84/><D17/><U128/><E128/><N who="2" m="49227" /><F16/><W57/><G130/><T3/><D3/><RYUUKYOKU ba="0,1" sc="250,-15,240,15,250,15,250,-15" hai1="4,9,14,33,34,35,45,51,52,73,79,82,99" hai2="21,26,31,96,133,134,135" /><INIT seed="1,1,1,5,3,78" ten="235,255,265,235" oya="1" hai0="53,26,25,29,67,5,127,3,51,45,128,63,85" hai1="12,42,69,134,96,81,50,126,82,58,104,62,61" hai2="135,38,14,39,18,9,71,48,54,72,15,30,4" hai3="83,101,20,52,70,28,59,31,35,16,22,65,103"/><U64/><E126/><V132/><F71/><W129/><G129/><T27/><D128/><U107/><E134/><N who="2" m="51243" /><F72/><W108/><G108/><T118/><D118/><U131/><E131/><V8/><F30/><W6/><G35/><T120/><D127/><U49/><E12/><V37/><F37/><W102/><G6/><T94/><D120/><U116/><E116/><V89/><F89/><W90/><G70/><T46/><D46/><AGARI ba="1,1" hai="4,8,9,14,15,18,38,39,46,48,54" m="51243" machi="46" ten="30,1000,0" yaku="20,1" doraHai="78" who="2" fromWho="0" sc="235,-13,255,0,265,23,235,0" /><INIT seed="2,0,0,5,3,49" ten="222,255,288,235" oya="2" hai0="117,3,12,134,109,2,78,7,80,105,40,63,64" hai1="73,128,104,5,50,121,118,53,15,41,24,8,21" hai2="113,69,92,100,0,72,66,120,77,132,11,22,122" hai3="76,71,47,44,13,110,17,112,20,86,75,55,27"/><V102/><F113/><W96/><G75/><T126/><D105/><U19/><E118/><V127/><F69/><W133/><G71/><T48/><D109/><U93/><E128/><V52/><F66/><W37/><G110/><T119/><D126/><U108/><E108/><V23/><F0/><W29/><G133/><T32/><D32/><U9/><E121/><V56/><F11/><W97/><G37/><T33/><D33/><U26/><E104/><V60/><F132/><W101/><G112/><T16/><D134/><U25/><E73/><V6/><F6/><W99/><G101/><T57/><D7/><U4/><E41/><V111/><F111/><W28/><G28/><T38/><D38/><U114/><E114/><V95/><F127/><W124/><G124/><T94/><D94/><U116/><E116/><N who="0" m="44617" /><D48/><U89/><E9/><V125/><F125/><W91/><G76/><T79/><D40/><U14/><E5/><V83/><F95/><W123/><G55/><T36/><D36/><U54/><REACH who="1" step="1"/><E50/><REACH who="1" ten="222,245,288,235" step="2"/><V106/><F106/><W84/><G123/><T103/><D2/><U135/><E135/><V45/><F122/><W74/><G74/><T61/><D3/><U131/><E131/><V70/><F120/><W31/><G29/><T46/><D78/><U42/><E42/><V59/><F77/><W51/><G51/><T81/><D79/><U88/><E88/><V68/><F72/><W67/><G91/><T115/><D115/><U85/><AGARI ba="0,1" hai="4,8,14,15,19,21,24,25,26,53,54,85,89,93" machi="85" ten="30,12000,2" yaku="1,1,0,1,8,1,52,2,53,1" doraHai="49" doraHaiUra="82" who="1" fromWho="1" sc="222,-30,245,130,288,-60,235,-30" /><INIT seed="3,0,0,2,2,17" ten="192,375,228,205" oya="3" hai0="12,28,106,39,132,16,47,68,8,30,121,73,65" hai1="112,130,96,26,34,102,23,54,27,108,49,11,38" hai2="128,117,101,120,109,126,113,93,61,69,135,85,119" hai3="72,13,57,133,81,14,46,80,75,62,95,64,74"/><W83/><G133/><T63/><D121/><U19/><E38/><V110/><F69/><W105/><G105/><T18/><D132/><U127/><E112/><V82/><F61/><W22/><G95/><T51/><D73/><U107/><E108/><N who="2" m="41579" /><F135/><W56/><G56/><T43/><D106/><U111/><E111/><V123/><F113/><W131/><G131/><T3/><D3/><U4/><E130/><V103/><F128/><W9/><G46/><T84/><D18/><U134/><E127/><V100/><F93/><W70/><G70/><T78/><REACH who="0" step="1"/><D39/><REACH who="0" ten="182,375,228,205" step="2"/><U52/><E19/><V60/><F126/><W76/><G76/><T41/><D41/><U58/><E107/><V35/><F35/><W87/><G87/><T55/><D55/><U50/><E52/><V79/><F60/><W125/><G125/><T24/><D24/><U31/><E27/><V122/><AGARI ba="0,1" hai="79,82,85,100,101,103,117,119,120,122,123" m="41579" machi="122" ten="40,8000,1" yaku="13,1,14,1,34,2" doraHai="17" who="2" fromWho="2" sc="182,-20,375,-20,228,90,205,-40" /><INIT seed="4,0,0,4,4,46" ten="162,355,318,165" oya="0" hai0="121,99,37,67,72,109,17,83,45,113,31,114,102" hai1="125,0,94,80,53,91,105,57,106,14,123,110,127" hai2="107,32,50,115,132,65,8,29,12,26,69,119,27" hai3="36,43,88,84,34,47,68,133,66,35,131,73,122"/><T56/><D121/><U61/><E0/><V126/><F107/><W93/><G73/><T41/><D109/><U9/><E123/><V120/><F120/><W112/><G122/><T52/><D31/><U76/><E110/><V10/><F69/><W30/><G112/><T39/><D39/><U71/><E71/><V92/><F65/><W3/><G3/><T18/><D67/><U28/><E28/><V7/><F115/><N who="0" m="44042" /><D83/><U15/><E15/><V1/><F132/><W2/><G2/><T19/><D72/><U74/><E91/><V25/><F126/><N who="1" m="48137" /><E94/><V6/><F119/><W24/><G131/><T89/><D89/><U85/><E74/><V48/><REACH who="2" step="1"/><F92/><REACH who="2" ten="162,355,308,165" step="2"/><W104/><G104/><N who="0" m="63583" /><D17/><AGARI ba="0,1" hai="9,14,17,53,57,61,76,80,85,105,106" m="48137" machi="17" ten="30,1000,0" yaku="18,1" doraHai="46" who="1" fromWho="0" sc="162,-10,355,20,308,0,165,0" /><INIT seed="5,0,0,2,5,42" ten="152,375,308,165" oya="1" hai0="56,129,58,124,40,75,3,22,34,57,105,116,73" hai1="1,118,115,55,65,91,94,38,128,108,104,122,67" hai2="0,14,53,71,64,47,7,16,92,59,2,44,102" hai3="36,79,111,90,103,120,4,63,13,77,84,70,107"/><U132/><RYUUKYOKU type="yao9" ba="0,0" sc="152,0,375,0,308,0,165,0" hai1="1,38,55,65,67,91,94,104,108,115,118,122,128,132" /><INIT seed="5,1,0,2,4,40" ten="152,375,308,165" oya="1" hai0="111,89,58,37,98,18,113,47,9,48,79,110,5" hai1="15,28,12,128,127,14,77,92,94,76,126,117,29" hai2="7,90,116,108,52,99,97,114,70,11,4,91,124" hai3="54,62,105,81,59,6,24,43,20,129,68,95,41"/><U72/><E72/><V87/><F116/><W82/><G105/><T34/><D113/><U102/><E102/><V80/><F108/><W96/><G129/><T8/><D34/><U125/><E128/><V23/><F70/><W21/><G68/><T109/><D37/><U31/><REACH who="1" step="1"/><E117/><REACH who="1" ten="152,365,308,165" step="2"/><V120/><F120/><W130/><G130/><T135/><D110/><U84/><E84/><V32/><F87/><W53/><G96/><T101/><D109/><U123/><E123/><V83/><F99/><W17/><G81/><T118/><D118/><U3/><E3/><V88/><F97/><W121/><G82/><T55/><D111/><U86/><E86/><V75/><F83/><W42/><G121/><T25/><D101/><U78/><AGARI ba="1,1" hai="12,14,15,28,29,31,76,77,78,92,94,125,126,127" machi="78" ten="50,48000,5" yakuman="40" doraHai="40" doraHaiUra="51" who="1" fromWho="1" sc="152,-161,365,493,308,-161,165,-161" owari="-9,-50.9,858,95.8,147,-5.3,4,-39.6" /></mjloggm>