<mjloggm ver="2.3"><GO type="169" lobby="0"/><UN n0="%E8%8A%B1%E9%81%93%E6%A1%9C%E6%9C%A8" n1="%E6%98%AF%E6%94%BF%E3%81%AE%E5%A4%95%E9%99%BD" n2="%E5%93%AD%E3%81%8D%E8%99%AB%E2%98%85%E8%8B%BA" n3="%E4%BF%BA%E3%82%AF%E3%83%A9%E3%82%B9%E3%81%AF%E3%83%80%E3%83%9E%EF%BC%81" dan="17,16,16,16" rate="2202.33,2121.66,2022.13,2136.72" sx="M,M,M,M"/><TAIKYOKU oya="0"/><INIT seed="0,0,0,3,4,86" ten="250,250,250,250" oya="0" hai0="104,14,38,75,22,96,24,61,127,13,42,40,35" hai1="18,132,23,63,81,5,6,37,56,67,115,25,93" hai2="74,97,29,110,51,76,26,128,80,71,3,33,62" hai3="130,129,135,31,101,32,2,105,21,17,131,68,19"/><T54/><D75/><U94/><E37/><V12/><F110/><W121/><G68/><T28/><D127/><U16/><E132/><V100/><F128/><W92/><G105/><T57/><D38/><U116/><E116/><V109/><F109/><W30/><G101/><T119/><D119/><U49/><E115/><V44/><F12/><W70/><G70/><T113/><D113/><U122/><E122/><V69/><F3/><W125/><G92/><T52/><D54/><U15/><E81/><V112/><F112/><W134/><G32/><T48/><D61/><U27/><E49/><V8/><F8/><W133/><G121/><T90/><D104/><U72/><E72/><V88/><F62/><W103/><G103/><T111/><D111/><U108/><E108/><V91/><F71/><W58/><G58/><T117/><D117/><U1/><E1/><V53/><F69/><W102/><G102/><T84/><D96/><U55/><E67/><V79/><REACH who="2" step="1"/><F76/><REACH who="2" ten="250,250,240,250" step="2"/><W123/><G123/><T66/><D66/><U7/><REACH who="1" step="1"/><E27/><REACH who="1" ten="250,240,240,250" step="2"/><V47/><F47/><W98/><G2/><T0/><D0/><U50/><E50/><V9/><F9/><AGARI ba="0,2" hai="5,6,7,9,15,16,18,23,25,55,56,63,93,94" machi="9" ten="40,5200,0" yaku="1,1,8,1,54,1,53,0" doraHai="86" doraHaiUra="45" who="1" fromWho="2" sc="250,0,240,72,240,-52,250,0" /><INIT seed="1,0,0,2,0,129" ten="250,312,188,250" oya="1" hai0="122,43,13,115,70,75,28,5,51,10,34,53,83" hai1="6,96,103,76,8,58,32,35,126,68,77,102,38" hai2="87,74,88,121,18,111,60,79,55,46,67,118,119" hai3="113,130,98,12,31,86,85,37,52,19,97,110,25"/><U27/><E38/><V132/><F121/><W127/><G113/><T100/><D115/><U112/><E68/><V4/><F4/><W78/><G37/><T94/><D122/><U44/><E44/><V33/><F111/><W120/><G120/><T66/><D43/><U101/><E126/><V42/><F55/><W131/><G110/><T24/><D70/><U2/><E112/><V47/><F33/><W21/><G127/><T133/><D66/><U36/><E36/><V72/><F47/><W40/><G40/><T7/><D7/><U124/><E124/><V54/><F54/><W63/><G131/><T45/><D100/><U41/><E41/><V80/><F18/><W29/><G29/><T81/><D94/><U73/><E73/><V135/><F46/><W134/><G78/><T15/><D13/><U93/><E58/><N who="2" m="37271" /><F42/><W91/><G85/><T117/><D117/><N who="2" m="44554" /><F79/><W92/><G130/><T95/><D53/><U123/><E123/><V49/><F49/><W89/><G52/><T128/><D51/><U104/><E77/><V107/><F107/><W99/><G63/><T57/><D45/><U125/><E125/><V109/><F109/><W59/><G59/><T22/><D57/><U82/><E104/><V71/><F71/><W16/><G19/><T61/><D61/><U23/><E35/><V65/><F65/><W105/><G105/><T50/><D34/><U1/><E32/><V69/><F69/><W84/><G31/><T64/><D28/><N who="1" m="17535" /><E2/><V116/><N who="2" m="44562" /><V20/><DORA hai="48" /><F20/><W114/><G114/><T106/><D128/><U3/><E1/><RYUUKYOKU ba="0,0" sc="250,-15,312,15,188,15,250,-15" hai1="3,6,8,76,82,93,96,101,102,103" hai2="72,74,80,87,88,132,135" /><INIT seed="1,1,0,3,0,114" ten="235,327,203,235" oya="1" hai0="25,50,5,40,103,107,105,41,26,51,133,75,22" hai1="100,122,104,33,42,95,9,86,102,93,68,94,108" hai2="6,66,31,76,24,101,110,3,129,80,4,82,97" hai3="63,71,11,19,38,125,44,84,58,17,117,57,79"/><U2/><E122/><V13/><F3/><W96/><G71/><T18/><D75/><U73/><E68/><V29/><F110/><W127/><G96/><T28/><D5/><U23/><E33/><V49/><F31/><W0/><G79/><T1/><D1/><U46/><E23/><V48/><F129/><W119/><G84/><T32/><D133/><U16/><E73/><V20/><F66/><W99/><G99/><T121/><D121/><U14/><E2/><V61/><F61/><W81/><G81/><T65/><D65/><U77/><E104/><V10/><F4/><N who="3" m="1415" /><G44/><T72/><D72/><U69/><E69/><V53/><F76/><W55/><G57/><T92/><D92/><U106/><E108/><V111/><F111/><W132/><G38/><T91/><D91/><U47/><E47/><V64/><F64/><W112/><G112/><T35/><D22/><U128/><E128/><V87/><F87/><W37/><G37/><T43/><D18/><N who="3" m="6665" /><G132/><T70/><D70/><U56/><E56/><N who="2" m="32807" /><F49/><W123/><G123/><T88/><D43/><U83/><REACH who="1" step="1"/><E106/><REACH who="1" ten="235,317,203,235" step="2"/><V118/><F20/><W34/><G34/><T54/><D107/><U36/><AGARI ba="1,1" hai="9,14,16,36,42,46,77,83,86,93,94,95,100,102" machi="36" ten="30,11700,0" yaku="1,1,2,1,0,1,54,1,53,0" doraHai="114" doraHaiUra="115" who="1" fromWho="1" sc="235,-40,317,130,203,-40,235,-40" /><INIT seed="1,2,0,1,2,110" ten="195,447,163,195" oya="1" hai0="71,83,70,135,24,65,119,108,125,26,51,5,4" hai1="115,36,8,96,45,81,127,80,133,77,9,2,93" hai2="87,82,100,69,103,11,118,68,41,89,106,52,60" hai3="112,73,134,15,97,63,105,76,47,1,46,56,107"/><U126/><E133/><V13/><F118/><W64/><G1/><T128/><D119/><U50/><E36/><V111/><F111/><W20/><G134/><T131/><D108/><U44/><E2/><V98/><F103/><W57/><G112/><T23/><D135/><U72/><E81/><V104/><F106/><W0/><G0/><T62/><D125/><N who="1" m="47627" /><E45/><V55/><F41/><W88/><G107/><T27/><D71/><U53/><E115/><V35/><F35/><W58/><G76/><T31/><D83/><U40/><E53/><V34/><F34/><W94/><G105/><T16/><D51/><U101/><AGARI ba="2,0" hai="8,9,40,44,50,72,77,80,93,96,101" m="47627" machi="101" ten="30,1500,0" yaku="18,1" doraHai="110" who="1" fromWho="1" sc="195,-7,447,21,163,-7,195,-7" /><INIT seed="1,3,0,5,2,24" ten="188,468,156,188" oya="1" hai0="74,104,3,135,61,109,30,118,91,84,40,28,99" hai1="133,119,78,20,113,123,32,110,41,12,121,25,127" hai2="69,17,27,98,34,66,37,120,87,101,48,29,77" hai3="58,71,129,42,44,130,39,35,11,116,56,79,105"/><U68/><E68/><V1/><F37/><W64/><G105/><T38/><D118/><U2/><E41/><V8/><F120/><W117/><G35/><T75/><D3/><U7/><E78/><V4/><F48/><W49/><G79/><T53/><D109/><U132/><E119/><N who="3" m="45642" /><G11/><T124/><D124/><U47/><E47/><V112/><F112/><W97/><G97/><T85/><D135/><N who="1" m="51787" /><E113/><V65/><F69/><W80/><G80/><T9/><D9/><N who="1" m="2295" /><E127/><V50/><F50/><W6/><G6/><T106/><D40/><U90/><E90/><V107/><REACH who="2" step="1"/><F17/><REACH who="2" ten="188,468,146,188" step="2"/><W63/><G56/><T76/><D38/><U103/><E110/><V114/><F114/><W73/><G73/><T55/><D75/><U72/><E72/><V51/><F51/><W23/><G23/><T33/><D74/><U36/><E36/><V131/><F131/><W31/><G31/><T125/><D30/><N who="1" m="19535" /><E103/><V19/><F19/><AGARI ba="3,1" hai="12,19,20,121,123" m="19535,2295,51787" machi="19" ten="30,12000,1" yaku="24,1,20,1,34,2,52,1" doraHai="24" who="1" fromWho="2" sc="188,0,468,139,146,-129,188,0" /><INIT seed="1,4,0,2,1,56" ten="188,607,17,188" oya="1" hai0="71,14,55,18,40,77,108,89,127,94,42,3,26" hai1="92,16,65,22,4,5,86,34,121,15,122,103,74" hai2="12,37,79,101,78,8,114,124,58,112,70,131,64" hai3="90,61,13,7,107,97,51,118,49,111,9,60,63"/><U38/><E74/><V85/><F37/><W95/><G111/><T31/><D3/><U104/><E38/><V125/><F70/><W2/><G118/><T59/><D71/><U81/><E34/><V17/><F101/><W23/><G107/><T39/><D108/><U120/><E104/><V1/><F1/><W53/><G53/><T123/><D127/><N who="2" m="48714" /><F131/><W0/><G0/><T133/><D133/><U25/><E65/><V32/><F32/><W76/><G76/><N who="2" m="29225" /><F85/><W20/><G2/><T36/><D77/><U99/><E81/><V96/><F96/><W132/><G132/><T72/><D72/><U82/><E82/><V83/><F83/><W45/><REACH who="3" step="1"/><G49/><REACH who="3" ten="188,607,17,178" step="2"/><T21/><D39/><U11/><REACH who="1" step="1"/><E86/><REACH who="1" ten="188,597,17,178" step="2"/><V24/><F24/><W91/><G91/><T102/><D36/><U98/><E98/><V116/><F116/><W43/><AGARI ba="4,2" hai="7,9,13,20,23,43,45,51,60,61,63,90,95,97" machi="43" ten="30,12000,2" yaku="1,1,0,1,8,1,52,3,53,1" doraHai="56" doraHaiUra="87" who="3" fromWho="3" sc="188,-34,597,-64,17,-34,178,152" owari="154,-24.6,533,63.3,-17,-51.7,330,13.0" /></mjloggm>