<mjloggm ver="2.3"><GO type="169" lobby="0"/><UN n0="%E3%80%93%E6%96%B0%E5%AD%90%E6%86%A7%E3%80%93" n1="%32%30%30%E6%88%A6%E5%8D%87%E7%89%B9" n2="%64%65%63%61%64%65" n3="%E8%A6%9A%E9%86%92%E3%81%97%E3%81%9F%E3%81%A8%E3%81%BE%E3%81%A8" dan="16,17,16,17" rate="2113.94,2210.99,2149.75,2216.92" sx="F,M,M,M"/><TAIKYOKU oya="0"/><INIT seed="0,0,0,5,1,9" ten="250,250,250,250" oya="0" hai0="98,128,134,93,80,44,116,15,81,21,90,111,70" hai1="126,20,100,61,24,106,28,97,112,69,133,67,65" hai2="84,96,83,19,122,85,68,104,135,109,38,64,107" hai3="73,2,115,62,7,74,113,14,117,130,27,71,86"/><T32/><D116/><U17/><E126/><V60/><F122/><W108/><G117/><T47/><D32/><U49/><E133/><V105/><F135/><W72/><G108/><T52/><D134/><U34/><E67/><V59/><F109/><W6/><G130/><T48/><D111/><U22/><E112/><V29/><F38/><W40/><G2/><T124/><D70/><U121/><E121/><V25/><F85/><W46/><G27/><T94/><D124/><U118/><E118/><V119/><F119/><W88/><G62/><T89/><D128/><U18/><E49/><V16/><F96/><W11/><G7/><T35/><D35/><U103/><E103/><V79/><REACH who="2" step="1"/><F68/><REACH who="2" ten="250,250,240,250" step="2"/><W131/><G71/><T127/><D127/><U57/><E69/><V92/><F92/><W76/><G131/><T30/><D44/><U43/><E97/><V58/><F58/><W77/><G115/><T51/><D94/><U33/><E57/><V23/><AGARI ba="0,1" hai="16,19,23,25,29,59,60,64,79,83,84,104,105,107" machi="23" ten="30,4000,0" yaku="1,1,0,1,54,1,53,0" doraHai="9" doraHaiUra="42" who="2" fromWho="2" sc="250,-20,250,-10,240,50,250,-10" /><INIT seed="1,0,0,5,3,91" ten="230,240,290,240" oya="1" hai0="64,112,110,74,120,2,31,71,82,134,51,48,65" hai1="90,108,40,8,59,107,126,58,46,70,124,1,79" hai2="105,57,111,128,135,113,10,41,85,100,3,28,101" hai3="133,32,45,89,19,56,80,118,5,131,0,121,26"/><U25/><E107/><V86/><F111/><W9/><G121/><T12/><D2/><U99/><E70/><V95/><F135/><W122/><G133/><T33/><D134/><U47/><E108/><V96/><F128/><W114/><G122/><T94/><D110/><U123/><E123/><V27/><F113/><W13/><G114/><T60/><D112/><U78/><E25/><V130/><F130/><W39/><G131/><T42/><D120/><U68/><E68/><V44/><F57/><N who="1" m="21513" /><E8/><V117/><F117/><W81/><G56/><T43/><D65/><U73/><E1/><V109/><F109/><W14/><G14/><T106/><D106/><U116/><E116/><V102/><F3/><W72/><G72/><T50/><D12/><U6/><E6/><V38/><F10/><W63/><G118/><T16/><D33/><U125/><E73/><V88/><REACH who="2" step="1"/><F105/><REACH who="2" ten="230,240,280,240" step="2"/><W52/><G9/><T4/><D71/><U127/><E127/><V17/><F17/><W97/><G19/><T66/><D16/><U22/><E126/><V7/><F7/><W35/><G5/><T20/><D4/><U76/><E125/><V54/><F54/><W92/><G52/><T18/><D18/><U132/><E124/><V11/><F11/><W29/><G0/><T115/><D115/><U53/><E132/><V34/><AGARI ba="0,1" hai="27,28,34,38,41,44,85,86,88,95,96,100,101,102" machi="34" ten="30,7900,0" yaku="1,1,0,1,52,1,54,1,53,0" doraHai="91" doraHaiUra="61" who="2" fromWho="2" sc="230,-20,240,-39,280,89,240,-20" /><INIT seed="2,0,0,2,4,13" ten="210,201,369,220" oya="2" hai0="18,40,71,76,34,115,36,45,72,22,48,28,97" hai1="4,92,75,128,9,86,3,119,61,21,51,29,117" hai2="20,32,131,14,129,110,90,58,19,89,38,7,31" hai3="114,2,6,0,95,111,39,108,41,66,93,23,105"/><V60/><F38/><W25/><G105/><T1/><D115/><U67/><E75/><V69/><F69/><W26/><G114/><T63/><D1/><U47/><E128/><N who="2" m="49227" /><F7/><W132/><G66/><T73/><D76/><U74/><E74/><V5/><F5/><W85/><G6/><T87/><D87/><U88/><E21/><V53/><F110/><W106/><G106/><T64/><D97/><U100/><E29/><V56/><F58/><W101/><G39/><T82/><D82/><U107/><E100/><V116/><F116/><W57/><G101/><T77/><D77/><U50/><E107/><V80/><F80/><W102/><G57/><T112/><D112/><U113/><E113/><V52/><F53/><W42/><G102/><T118/><D118/><U49/><REACH who="1" step="1"/><E47/><REACH who="1" ten="210,191,369,220" step="2"/><V68/><F68/><AGARI ba="0,1" hai="3,4,9,49,50,51,61,67,68,86,88,92,117,119" machi="68" ten="40,5200,0" yaku="1,1,2,1,54,1,53,0" doraHai="13" doraHaiUra="126" who="1" fromWho="2" sc="210,0,191,62,369,-52,220,0" /><INIT seed="3,0,0,4,0,10" ten="210,253,317,220" oya="3" hai0="54,68,87,90,107,91,25,77,101,124,94,3,102" hai1="76,75,11,8,9,0,24,7,133,81,38,125,106" hai2="50,31,58,105,73,126,16,1,35,49,59,46,39" hai3="117,65,72,82,127,51,112,130,40,33,116,93,83"/><W97/><G112/><T98/><D68/><U36/><E125/><V34/><F1/><W21/><G127/><T44/><D124/><U122/><E122/><V69/><F126/><W74/><G33/><T88/><D3/><U48/><E133/><V86/><F73/><W115/><G65/><T118/><D118/><U78/><E106/><V52/><F105/><W123/><G115/><T23/><D77/><U129/><E129/><V113/><F113/><W4/><G4/><T99/><D54/><U84/><E48/><V19/><F69/><W89/><G21/><T121/><D44/><U63/><E63/><V119/><F119/><N who="3" m="45643" /><G51/><T66/><D66/><U104/><E104/><V103/><F103/><W111/><G40/><T30/><REACH who="0" step="1"/><D121/><REACH who="0" ten="200,253,317,220" step="2"/><U60/><E76/><V67/><F67/><W135/><G123/><T128/><D128/><U22/><E0/><V17/><F46/><W100/><G130/><T42/><D42/><U43/><E43/><V57/><F57/><W134/><G111/><T2/><D2/><U64/><E64/><V110/><F110/><W41/><G41/><T120/><D120/><U37/><E37/><V92/><F39/><W6/><G74/><T32/><D32/><U53/><E75/><V56/><F56/><W13/><G72/><T61/><D61/><U55/><E60/><V62/><F59/><W26/><G135/><T12/><D12/><N who="1" m="5151" /><E36/><V108/><F108/><W15/><G134/><T79/><D79/><U27/><E38/><V71/><F71/><W45/><G45/><T5/><D5/><U96/><E78/><V132/><F132/><RYUUKYOKU ba="0,1" sc="200,30,253,-10,317,-10,220,-10" hai0="23,25,30,87,88,90,91,94,98,99,101,102,107" /><INIT seed="4,1,1,4,4,125" ten="230,243,307,210" oya="0" hai0="127,49,85,24,64,116,101,52,31,6,134,36,22" hai1="73,90,107,115,88,55,44,93,71,8,130,121,118" hai2="68,34,102,104,126,65,45,3,41,67,86,47,27" hai3="79,28,18,124,43,133,131,122,91,42,29,98,54"/><T82/><D116/><U75/><E71/><V53/><F3/><W25/><G124/><T4/><D127/><U129/><E118/><V16/><F86/><W17/><G133/><T32/><D36/><U15/><E121/><V94/><F94/><W117/><G117/><T89/><D134/><U11/><E107/><V59/><F34/><W63/><G79/><T46/><D101/><U57/><E115/><V62/><F47/><W120/><G63/><T78/><D64/><U56/><E44/><V70/><F67/><W110/><G98/><T40/><D40/><U9/><E15/><V30/><F30/><W77/><G77/><T100/><D100/><U135/><E135/><V84/><F84/><W111/><G25/><T99/><REACH who="0" step="1"/><D32/><REACH who="0" ten="220,243,307,210" step="2"/><U38/><E38/><V97/><F126/><W35/><G35/><T20/><D20/><U21/><E21/><V96/><F65/><W108/><G111/><T5/><D5/><U92/><E8/><V33/><F33/><W26/><G110/><T50/><D50/><U112/><E112/><V76/><F102/><W61/><G108/><T0/><D0/><U7/><E7/><V132/><F132/><W109/><G109/><T12/><D12/><U39/><E39/><V14/><F14/><W103/><G103/><T83/><D83/><U119/><E119/><V81/><F104/><W128/><G54/><AGARI ba="1,2" hai="9,11,54,55,56,57,73,75,88,90,92,93,129,130" machi="54" ten="25,8000,1" yaku="22,2,52,2,54,1" doraHai="125" who="1" fromWho="3" sc="220,0,243,103,307,0,210,-83" /><INIT seed="5,0,0,4,5,110" ten="220,346,307,127" oya="1" hai0="29,90,108,38,63,123,2,13,119,134,75,44,62" hai1="126,112,34,132,69,12,113,43,85,31,4,16,64" hai2="124,73,65,28,104,103,32,45,41,55,35,105,82" hai3="80,24,18,50,71,22,10,40,88,125,51,128,20"/><U61/><E126/><V67/><F55/><W33/><G71/><T117/><D2/><U39/><E132/><V46/><F82/><W129/><G125/><T56/><D75/><U49/><E39/><V114/><F73/><W66/><G33/><T101/><D101/><U42/><E4/><V9/><F9/><W0/><G66/><T111/><D29/><U91/><E31/><V68/><F124/><W96/><G22/><T121/><D90/><U107/><E107/><V3/><F28/><W53/><G40/><N who="0" m="22551" /><D13/><U47/><E34/><V109/><F41/><W14/><G0/><T17/><D17/><U133/><E43/><V120/><F120/><N who="0" m="46154" /><D134/><U36/><E133/><V98/><F103/><W7/><G53/><N who="0" m="34063" /><D63/><U92/><REACH who="1" step="1"/><E36/><REACH who="1" ten="220,336,307,127" step="2"/><V127/><F127/><W131/><REACH who="3" step="1"/><G80/><REACH who="3" ten="220,336,307,117" step="2"/><T118/><AGARI ba="0,2" hai="108,111,117,118,119" m="34063,46154,22551" machi="118" ten="40,5200,0" yaku="13,1,34,2" doraHai="110" who="0" fromWho="0" sc="220,72,336,-26,307,-13,117,-13" /><INIT seed="6,0,0,3,3,83" ten="292,310,294,104" oya="2" hai0="18,35,74,132,129,52,13,118,44,38,49,98,19" hai1="8,77,110,81,50,95,102,133,70,113,22,20,86" hai2="109,79,126,17,107,125,31,97,103,3,29,42,96" hai3="56,48,101,112,84,5,75,119,36,108,7,80,89"/><V99/><F3/><W111/><G36/><T57/><D74/><U1/><E110/><V66/><F109/><W91/><G119/><T71/><D118/><U2/><E70/><V6/><F6/><W116/><G116/><T63/><D129/><U134/><E113/><V93/><F42/><W51/><G75/><T23/><D132/><N who="1" m="50795" /><E50/><V47/><F47/><W9/><G101/><T127/><D35/><U16/><E8/><V40/><F40/><W26/><G26/><T64/><D127/><N who="2" m="48650" /><F79/><W55/><G112/><T105/><D19/><U14/><E22/><V30/><F66/><W121/><G121/><T45/><REACH who="0" step="1"/><D38/><REACH who="0" ten="282,310,294,104" step="2"/><U12/><E12/><V124/><F124/><W68/><G5/><T32/><D32/><U37/><E37/><V34/><F34/><W90/><G111/><T73/><D73/><U78/><E1/><V94/><F17/><W128/><G108/><T106/><D106/><U21/><E2/><V62/><F107/><W11/><G128/><T4/><D4/><U115/><E115/><V27/><F31/><W15/><G68/><T33/><D33/><U39/><E39/><V53/><F30/><W104/><G104/><T130/><D130/><U114/><E114/><V10/><F29/><W85/><G11/><T92/><D92/><U43/><E21/><V60/><F10/><W76/><REACH who="3" step="1"/><G48/><REACH who="3" ten="282,310,294,94" step="2"/><T69/><D69/><U117/><E117/><V59/><F103/><AGARI ba="0,2" hai="13,18,23,44,45,49,52,57,63,64,71,98,103,105" machi="103" ten="40,2600,0" yaku="1,1,54,1,53,0" doraHai="83" doraHaiUra="120" who="0" fromWho="2" sc="282,46,310,0,294,-26,94,0" /><INIT seed="7,0,0,5,4,7" ten="328,310,268,94" oya="3" hai0="81,52,111,69,14,122,97,25,132,64,21,6,33" hai1="118,70,27,16,76,123,31,50,9,120,10,54,106" hai2="36,98,38,86,26,15,57,44,101,83,60,127,58" hai3="65,93,73,89,107,113,112,66,49,22,134,92,110"/><W87/><G73/><T19/><D111/><U1/><E70/><V29/><F127/><W40/><G110/><T71/><D122/><U94/><E118/><V45/><F38/><W79/><G107/><T39/><D39/><U0/><E106/><V91/><F36/><W24/><G79/><T126/><D126/><U23/><E76/><V99/><F58/><W135/><G49/><T129/><D64/><N who="3" m="24681" /><G40/><T13/><D129/><U62/><E62/><V88/><F60/><W80/><G93/><T74/><D132/><N who="3" m="50729" /><G80/><T63/><D81/><U20/><E94/><V59/><F83/><W37/><G37/><T28/><D74/><U3/><E54/><V17/><F45/><W30/><AGARI ba="0,0" hai="22,24,30,87,89,92,112,113" m="50729,24681" machi="30" ten="30,1500,0" yaku="20,1" doraHai="7" who="3" fromWho="3" sc="328,-5,310,-5,268,-5,94,15" /><INIT seed="7,1,0,4,1,24" ten="323,305,263,109" oya="3" hai0="91,57,74,124,122,29,115,39,110,129,30,45,116" hai1="102,31,111,25,42,44,99,113,86,77,121,92,59" hai2="18,15,41,16,20,109,127,0,14,88,118,69,98" hai3="8,3,19,68,55,114,117,105,58,106,95,126,133"/><W23/><G117/><T81/><D116/><U51/><E113/><V27/><F118/><W21/><G114/><T4/><D110/><U96/><E111/><V43/><F0/><W80/><G68/><T128/><D115/><U78/><E121/><V13/><F109/><W66/><G133/><T123/><D4/><U61/><E86/><V52/><F69/><W94/><G66/><T73/><D57/><U22/><E99/><V107/><F107/><W134/><G134/><T104/><D104/><U7/><E7/><V90/><F127/><W48/><G126/><T1/><D1/><U37/><E37/><V26/><F52/><AGARI ba="1,0" hai="22,25,31,42,44,51,52,59,61,77,78,92,96,102" machi="52" ten="30,7700,0" yaku="7,1,8,1,52,1,54,1" doraHai="24" who="1" fromWho="2" sc="323,0,305,80,263,-80,109,0" owari="323,12.3,385,48.5,183,-21.7,109,-39.1" /></mjloggm>