<mjloggm ver="2.3"><GO type="169" lobby="0"/><UN n0="%E3%82%B7%E3%83%A9%E3%80%82" n1="%6D%73%64%31%31%32%30" n2="%64%65%63%61%64%65" n3="%E9%AB%98%E6%A9%8B%E8%89%AF%E5%A4%AA" dan="17,17,16,16" rate="2232.11,2163.11,2147.87,2123.92" sx="M,M,M,M"/><TAIKYOKU oya="0"/><INIT seed="0,0,0,2,3,123" ten="250,250,250,250" oya="0" hai0="77,19,20,111,78,119,131,64,62,82,114,128,4" hai1="120,100,117,11,69,134,112,24,46,86,36,110,88" hai2="58,87,10,127,80,67,89,121,29,101,107,130,76" hai3="59,129,133,95,44,45,2,35,132,50,27,54,92"/><T32/><D32/><U39/><E69/><V124/><F121/><W73/><G73/><T63/><D114/><U71/><E71/><V31/><F130/><N who="0" m="49706" /><D119/><U85/><E120/><V28/><F10/><W41/><G2/><T68/><D4/><U12/><E134/><N who="3" m="51818" /><G129/><T91/><D63/><U97/><E46/><N who="3" m="18026" /><G41/><T47/><D47/><U66/><E39/><V13/><F13/><W96/><G96/><T104/><D104/><U53/><E36/><V126/><F107/><W125/><G125/><T79/><D91/><U48/><E88/><V22/><F101/><W93/><G95/><T84/><D111/><U122/><E110/><V94/><F22/><W38/><G38/><T60/><D60/><U17/><E100/><V21/><F21/><W83/><G83/><T0/><D0/><U99/><E112/><V56/><REACH who="2" step="1"/><F67/><REACH who="2" ten="250,250,240,250" step="2"/><W9/><G9/><T26/><AGARI ba="0,1" hai="19,20,26,62,64,68,77,78,79,82,84" m="49706" machi="26" ten="30,1500,0" yaku="19,1" doraHai="123" who="0" fromWho="0" sc="250,25,250,-5,240,-5,250,-5" /><INIT seed="0,1,0,2,2,13" ten="275,245,235,245" oya="0" hai0="33,12,39,124,76,107,9,59,113,8,100,116,95" hai1="43,131,127,65,22,11,72,34,56,87,25,35,77" hai2="2,45,67,69,102,46,104,80,119,55,51,20,27" hai3="92,79,63,82,81,49,114,66,103,28,47,60,42"/><T93/><D113/><U117/><E131/><V71/><F2/><W61/><G114/><T109/><D116/><U74/><E127/><V19/><F119/><W36/><G36/><T94/><D33/><U118/><E43/><V85/><F67/><W130/><G130/><T6/><D39/><U23/><E11/><V32/><F32/><W98/><G28/><T120/><D120/><U126/><E87/><V86/><F86/><W44/><G47/><T112/><D112/><U50/><E77/><V97/><REACH who="2" step="1"/><F45/><REACH who="2" ten="275,245,225,245" step="2"/><W57/><REACH who="3" step="1"/><G81/><REACH who="3" ten="275,245,225,235" step="2"/><T29/><D124/><U90/><E126/><V3/><F3/><W53/><G53/><T121/><D121/><U129/><E129/><V10/><F10/><W70/><G70/><T111/><D9/><U73/><E118/><V83/><F83/><W17/><G17/><T128/><D128/><U78/><E117/><V115/><F115/><W75/><AGARI ba="1,2" hai="42,44,49,57,60,61,63,66,75,79,82,92,98,103" machi="75" ten="20,2700,0" yaku="1,1,0,1,7,1,53,0" doraHai="13" doraHaiUra="7" who="3" fromWho="3" sc="275,-14,245,-8,225,-8,235,50" /><INIT seed="1,0,0,2,5,83" ten="261,237,217,285" oya="1" hai0="7,96,113,87,72,132,123,70,5,130,19,0,97" hai1="82,131,71,36,41,116,58,21,50,99,42,102,63" hai2="110,93,1,39,114,28,90,47,107,65,129,125,34" hai3="100,84,80,8,94,104,56,109,46,51,2,26,24"/><U133/><E116/><V124/><F110/><W27/><G109/><T30/><D113/><U62/><E133/><V18/><F114/><W106/><G56/><T112/><D112/><U32/><E32/><V53/><F1/><W108/><G108/><T29/><D72/><U11/><E36/><V52/><F107/><W20/><G20/><T38/><D38/><U77/><E50/><V95/><F129/><W115/><G115/><T118/><D70/><U6/><E21/><V119/><F119/><W74/><G74/><T101/><D118/><U60/><E71/><V57/><F28/><W79/><G94/><T127/><D0/><U25/><E25/><V40/><F34/><W122/><G122/><T64/><D123/><U17/><E17/><V49/><F93/><W22/><G22/><T120/><D120/><U54/><E131/><V78/><F78/><W4/><REACH who="3" step="1"/><G100/><REACH who="3" ten="261,237,217,275" step="2"/><T37/><D130/><U92/><E58/><V98/><F65/><W12/><G12/><T67/><D101/><U135/><E135/><V88/><F124/><W9/><G9/><T55/><D132/><U61/><E54/><AGARI ba="0,1" hai="2,4,8,24,26,27,46,51,54,79,80,84,104,106" machi="54" ten="40,2600,0" yaku="1,1,52,1,53,0" doraHai="83" doraHaiUra="15" who="3" fromWho="1" sc="261,0,237,-26,217,0,275,36" /><INIT seed="2,0,0,3,0,116" ten="261,211,217,311" oya="2" hai0="77,9,107,58,100,125,117,1,55,99,74,106,95" hai1="86,109,41,75,115,70,85,16,21,65,67,92,83" hai2="29,3,97,59,110,47,62,76,121,104,52,122,119" hai3="66,71,87,36,132,131,120,39,111,112,15,24,17"/><V127/><F119/><W101/><G111/><T46/><D117/><U135/><E109/><V31/><F3/><W129/><G132/><T0/><D125/><U64/><E115/><V90/><F127/><W102/><G112/><T98/><D46/><U118/><E135/><V53/><F110/><W37/><G24/><T49/><D107/><U128/><E128/><N who="3" m="49226" /><G120/><T45/><D9/><U48/><E75/><V81/><F31/><W94/><G66/><T50/><D77/><U79/><E70/><V32/><F32/><W105/><G105/><T113/><D74/><U69/><E69/><V126/><F126/><W28/><G71/><T20/><D20/><U2/><E2/><V61/><F29/><W25/><G94/><T30/><D30/><U57/><E118/><V91/><F104/><W34/><G87/><T38/><D38/><U23/><E23/><AGARI ba="0,0" hai="15,17,23,25,28,34,36,37,39,101,102" m="49226" machi="23" ten="40,1300,0" yaku="19,1" doraHai="116" who="3" fromWho="1" sc="261,0,211,-13,217,0,311,13" /><INIT seed="3,0,0,4,4,55" ten="261,198,217,324" oya="3" hai0="93,83,60,21,73,28,41,123,30,104,94,98,64" hai1="46,16,92,110,129,72,42,40,6,39,91,19,4" hai2="76,47,99,65,48,9,111,29,23,17,107,12,88" hai3="56,122,120,97,7,43,26,54,77,14,127,53,133"/><W82/><G127/><T58/><D123/><U126/><E72/><V109/><F76/><W132/><G43/><T95/><D104/><U117/><E110/><V101/><F65/><W90/><G26/><T2/><D2/><U44/><E129/><V112/><F112/><W103/><G90/><T57/><D73/><U71/><E71/><V66/><F66/><W106/><G53/><T1/><D1/><U13/><E126/><V87/><F29/><W45/><G45/><T100/><D41/><U34/><E34/><V11/><F109/><W3/><G3/><T121/><D121/><U74/><E74/><V70/><F70/><W49/><G122/><T59/><D83/><U89/><E117/><V102/><F102/><W5/><G120/><T119/><D119/><U113/><E113/><V85/><F85/><N who="3" m="48335" /><G14/><T75/><D75/><U50/><E91/><V25/><F111/><W35/><G35/><T33/><D33/><U38/><E50/><V96/><F96/><W78/><G78/><T24/><REACH who="0" step="1"/><D30/><REACH who="0" ten="251,198,217,324" step="2"/><U18/><REACH who="1" step="1"/><E13/><REACH who="1" ten="251,188,217,324" step="2"/><V115/><F12/><W36/><G36/><T105/><AGARI ba="0,2" hai="21,24,28,57,58,59,60,64,93,94,95,98,100,105" machi="105" ten="30,12000,2" yaku="1,1,2,1,0,1,52,3,53,1" doraHai="55" doraHaiUra="62" who="0" fromWho="0" sc="251,140,188,-30,217,-30,324,-60" /><INIT seed="4,0,0,3,4,91" ten="391,158,187,264" oya="0" hai0="57,84,98,35,16,9,5,126,102,11,21,71,48" hai1="67,86,24,53,96,123,119,100,70,115,41,74,113" hai2="37,130,63,132,69,19,47,20,104,95,55,87,36" hai3="90,29,81,23,107,33,46,6,62,13,89,56,38"/><T79/><D126/><U109/><E109/><V108/><F108/><W97/><G33/><T65/><D35/><U122/><E41/><V49/><F104/><W22/><G38/><T45/><D71/><U31/><E119/><V27/><F130/><W93/><G107/><T52/><D5/><U1/><E1/><V61/><F132/><W40/><G29/><T17/><D17/><U28/><E74/><V12/><F27/><W77/><G46/><T34/><D34/><N who="1" m="20743" /><E53/><V83/><F83/><W131/><G40/><T121/><D121/><U112/><E31/><V30/><F30/><W7/><G131/><T78/><D65/><U58/><E58/><V92/><F87/><N who="3" m="48559" /><G89/><T133/><D45/><U3/><E86/><V14/><F14/><W2/><G2/><T101/><D133/><U88/><E88/><V106/><F106/><W94/><G93/><N who="0" m="58575" /><D102/><U117/><E3/><V66/><REACH who="2" step="1"/><F61/><REACH who="2" ten="391,158,177,264" step="2"/><W80/><G7/><T129/><D129/><U50/><E117/><V39/><AGARI ba="0,1" hai="12,19,20,36,37,39,47,49,55,63,66,69,92,95" machi="39" ten="30,8000,1" yaku="1,1,2,1,0,1,52,2,53,0" doraHai="91" doraHaiUra="103" who="2" fromWho="2" sc="391,-40,158,-20,177,90,264,-20" /><INIT seed="5,0,0,3,3,77" ten="351,138,267,244" oya="1" hai0="3,50,117,54,40,74,58,59,90,63,114,55,125" hai1="97,36,37,68,6,102,135,13,104,38,14,79,7" hai2="126,65,107,103,119,78,30,123,94,101,124,61,41" hai3="92,120,111,52,130,2,129,121,99,128,45,5,56"/><U85/><E68/><V69/><F123/><W98/><G111/><T115/><D3/><U81/><E135/><V28/><F119/><W4/><G45/><T108/><D74/><U64/><REACH who="1" step="1"/><E64/><REACH who="1" ten="351,128,267,244" step="2"/><V122/><F65/><W15/><G2/><T47/><D117/><U113/><E113/><V53/><F69/><W19/><G121/><T46/><D108/><U31/><E31/><V51/><F30/><W16/><G120/><T9/><D115/><U24/><E24/><V86/><F28/><W18/><G15/><AGARI ba="0,1" hai="6,7,13,14,15,36,37,38,79,81,85,97,102,104" machi="15" ten="40,3900,0" yaku="1,1,52,1,53,0" doraHai="77" doraHaiUra="48" who="1" fromWho="3" sc="351,0,128,49,267,0,244,-39" /><INIT seed="5,1,0,2,5,1" ten="351,177,267,205" oya="1" hai0="68,134,99,126,63,3,123,80,0,135,112,130,121" hai1="118,77,6,42,33,26,94,35,27,4,14,61,13" hai2="38,18,86,41,52,116,53,122,10,104,110,132,9" hai3="91,51,49,108,88,20,66,133,95,29,34,22,62"/><U65/><E118/><V100/><F116/><W12/><G108/><T8/><D112/><U105/><E105/><V84/><F122/><N who="0" m="46602" /><D130/><U109/><E109/><V16/><F110/><W24/><G133/><N who="0" m="50699" /><D126/><U37/><E77/><V75/><F132/><W40/><G91/><T111/><D111/><U31/><E42/><V59/><F75/><W71/><G40/><T102/><D80/><U21/><E37/><V60/><F41/><W7/><G34/><N who="1" m="12810" /><E94/><V36/><F104/><W30/><G29/><T58/><D68/><U119/><E119/><V115/><F115/><W128/><G128/><T70/><D8/><N who="1" m="4231" /><E65/><V107/><F107/><W89/><G89/><T28/><D28/><U23/><E61/><V87/><F60/><W50/><G22/><N who="1" m="8202" /><E31/><V46/><F100/><W44/><G44/><T73/><D73/><U114/><E114/><V125/><F46/><W15/><REACH who="3" step="1"/><G7/><REACH who="3" ten="351,177,267,195" step="2"/><T76/><D76/><U78/><E78/><V25/><F38/><W39/><G39/><T74/><D74/><U98/><E98/><AGARI ba="1,1" hai="12,15,20,24,30,49,50,51,62,66,71,88,95,98" machi="98" ten="40,5200,0" yaku="1,1,54,1,53,1" doraHai="1" doraHaiUra="57" who="3" fromWho="1" sc="351,0,177,-55,267,0,195,65" /><INIT seed="6,0,0,3,5,114" ten="351,122,267,260" oya="2" hai0="97,107,77,30,127,71,47,27,59,19,41,96,61" hai1="57,29,89,50,74,39,15,38,3,9,117,122,88" hai2="93,98,11,82,113,131,105,35,4,80,2,54,76" hai3="18,103,72,43,104,56,13,108,22,121,86,16,94"/><V134/><F113/><W128/><G108/><T55/><D127/><U124/><E74/><V45/><F35/><W24/><G72/><T44/><D107/><U119/><E3/><V92/><F131/><W87/><G104/><T118/><D118/><U68/><E68/><V60/><F134/><W85/><G121/><T7/><D71/><U51/><E29/><V52/><F105/><W34/><G128/><T123/><D123/><U17/><E122/><V99/><F76/><W90/><G103/><T5/><D77/><U100/><E100/><V125/><F125/><W26/><G43/><T73/><D19/><U79/><E79/><V95/><F60/><W129/><G129/><T42/><D73/><U126/><E17/><V70/><F70/><W12/><G56/><T53/><D30/><U83/><E57/><V69/><F69/><W40/><G40/><N who="0" m="15467" /><D27/><U10/><E83/><V101/><F95/><W8/><REACH who="3" step="1"/><G34/><REACH who="3" ten="351,122,267,250" step="2"/><T120/><D120/><U31/><REACH who="1" step="1"/><E31/><REACH who="1" ten="351,112,267,250" step="2"/><V63/><F101/><W66/><G66/><T48/><D44/><U33/><E33/><V46/><F45/><W64/><G64/><T84/><D47/><U111/><E111/><V20/><F46/><W112/><G112/><T32/><D59/><U116/><E116/><V132/><F54/><W67/><G67/><T36/><D55/><U81/><E81/><V21/><F52/><W91/><G91/><T75/><D53/><U110/><E110/><V102/><F102/><W58/><G58/><T135/><D32/><U0/><E0/><V25/><F82/><W6/><G6/><N who="0" m="2059" /><D75/><U28/><E28/><RYUUKYOKU ba="0,2" sc="351,-15,112,15,267,-15,250,15" hai1="9,10,15,38,39,50,51,88,89,117,119,124,126" hai3="8,12,13,16,18,22,24,26,85,86,87,90,94" /><INIT seed="7,1,2,0,5,7" ten="336,127,252,265" oya="3" hai0="125,86,14,129,28,115,89,104,36,8,52,101,44" hai1="47,46,0,1,78,120,18,130,33,95,105,58,68" hai2="41,121,5,70,118,93,21,15,16,74,100,81,132" hai3="119,82,57,110,84,40,53,56,19,69,61,64,128"/><W126/><G119/><T51/><D129/><U88/><E105/><V76/><F118/><W60/><G128/><T131/><D131/><U72/><E68/><V102/><F70/><W65/><G126/><T114/><D125/><U9/><E130/><V94/><F132/><W32/><G110/><T133/><D28/><U39/><E33/><V54/><F41/><W13/><G40/><T37/><D101/><U71/><E120/><V123/><F54/><W73/><G73/><T117/><D104/><U116/><E71/><V31/><F31/><W24/><G32/><T111/><D111/><U103/><E103/><V3/><F102/><W106/><G106/><T92/><D133/><U4/><E116/><V67/><F67/><W66/><G24/><T98/><D98/><U112/><E112/><N who="0" m="43049" /><D117/><U45/><E0/><V48/><F100/><W90/><REACH who="3" step="1"/><G69/><REACH who="3" ten="336,127,252,255" step="2"/><T34/><D34/><U113/><E113/><V109/><F109/><W108/><G108/><T42/><D42/><U11/><E39/><V27/><F74/><W43/><G43/><T135/><D135/><U97/><E58/><V127/><F127/><W17/><G17/><AGARI ba="1,3" hai="8,14,17,36,37,44,51,52,86,89,92" m="43049" machi="17" ten="30,7700,0" yaku="15,1,11,1,52,1,54,1" doraHai="7" who="0" fromWho="3" sc="336,110,127,0,252,0,255,-80" owari="446,54.6,127,-37.3,252,5.2,175,-22.5" /></mjloggm>