<mjloggm ver="2.3"><GO type="169" lobby="0"/><UN n0="%E3%81%8B%E3%81%B6%E8%8C%B6" n1="%E4%BF%BA%E3%81%A7%E3%81%99" n2="%E7%89%8C%E6%B5%81%E7%8A%B6%E6%85%8B%E9%BA%BB%E9%9B%80" n3="%40%E5%8F%8B%E5%88%A9%E5%A5%88%E7%B7%92%40" dan="16,16,17,17" rate="2115.94,2122.96,2233.63,2159.14" sx="M,M,M,F"/><TAIKYOKU oya="0"/><INIT seed="0,0,0,1,4,134" ten="250,250,250,250" oya="0" hai0="85,45,82,37,124,39,36,3,104,13,16,125,70" hai1="79,68,14,94,67,101,55,123,112,89,87,118,119" hai2="29,109,49,115,42,131,60,51,107,31,22,95,105" hai3="74,7,20,88,26,76,92,98,41,25,8,24,2"/><T47/><D3/><U5/><E123/><V127/><F115/><W57/><G74/><T40/><D70/><U130/><E112/><V58/><F109/><W27/><G76/><T17/><D104/><U63/><E130/><V102/><F131/><W71/><G71/><T122/><D122/><U84/><E101/><V19/><F107/><W54/><G41/><T132/><D132/><U97/><E55/><V56/><F105/><W128/><G128/><T72/><D72/><U121/><E121/><V129/><F56/><W91/><G91/><T73/><D73/><U66/><E66/><V34/><F34/><W77/><G77/><T81/><D85/><U108/><E108/><V35/><F35/><W53/><REACH who="3" step="1"/><G57/><REACH who="3" ten="250,250,250,240" step="2"/><T126/><D17/><AGARI ba="0,1" hai="2,7,8,17,20,24,25,26,27,53,54,88,92,98" machi="17" ten="40,5200,0" yaku="1,1,2,1,54,1,53,0" doraHai="134" doraHaiUra="103" who="3" fromWho="0" sc="250,-52,250,0,250,0,240,62" /><INIT seed="1,0,0,3,3,22" ten="198,250,250,302" oya="1" hai0="130,101,18,38,108,39,58,77,42,89,21,73,96" hai1="88,125,62,12,1,40,51,2,75,66,79,92,112" hai2="55,113,114,9,90,121,115,61,4,74,13,0,99" hai3="110,93,95,100,131,97,11,3,85,67,35,63,116"/><U60/><E112/><V6/><F121/><W8/><G110/><T65/><D108/><U23/><E125/><V48/><F74/><W104/><G131/><T53/><D130/><U54/><E40/><V45/><F61/><W106/><G116/><T34/><D34/><U24/><E79/><V43/><F43/><W44/><G104/><T80/><D65/><U52/><E75/><V56/><F56/><W94/><G35/><T50/><D89/><U76/><E12/><V124/><F124/><W71/><G3/><T37/><D42/><U111/><E76/><V109/><F109/><W17/><G85/><T36/><N who="0" m="9216" /><DORA hai="122" /><T16/><REACH who="0" step="1"/><D21/><REACH who="0" ten="188,250,250,302" step="2"/><U59/><E111/><V123/><F123/><W25/><G11/><T69/><D69/><U19/><E54/><V41/><F55/><W102/><G8/><T117/><D117/><U103/><E103/><V29/><F90/><W78/><G100/><T57/><D57/><U33/><E33/><V49/><F9/><W27/><G44/><T132/><D132/><U7/><E62/><V127/><F45/><W98/><G78/><T81/><D81/><U5/><E1/><V15/><F0/><W47/><G47/><T72/><D72/><U87/><E2/><V26/><F114/><W83/><G83/><T107/><AGARI ba="0,1" hai="16,18,50,53,58,73,77,80,96,101,107" m="9216" machi="107" ten="60,16000,3" yaku="1,1,0,1,54,1,53,5" doraHai="22,122" doraHaiUra="105,68" who="0" fromWho="0" sc="188,170,250,-80,250,-40,302,-40" /><INIT seed="2,0,0,3,0,25" ten="358,170,210,262" oya="2" hai0="1,57,75,118,3,66,87,111,115,16,11,21,130" hai1="79,131,108,53,17,29,105,83,49,132,45,72,129" hai2="106,43,112,92,22,30,69,7,55,94,128,124,13" hai3="40,62,127,18,31,6,65,135,44,56,39,103,114"/><V90/><F106/><W88/><G127/><T113/><D75/><U52/><E108/><V71/><F112/><W101/><G114/><T42/><D111/><U100/><E132/><V34/><F124/><W32/><G6/><T93/><D130/><N who="1" m="49675" /><E17/><V10/><F34/><W98/><G135/><T91/><D42/><N who="1" m="24759" /><E29/><V107/><F107/><W59/><G18/><T85/><D118/><U86/><E86/><V104/><F104/><W122/><G122/><T8/><D1/><U96/><AGARI ba="0,0" hai="52,53,72,79,83,96,100,105" m="24759,49675" machi="96" ten="30,2000,0" yaku="19,1,54,1" doraHai="25" who="1" fromWho="1" sc="358,-5,170,20,210,-10,262,-5" /><INIT seed="3,0,0,2,1,0" ten="353,190,200,257" oya="3" hai0="56,110,106,39,109,135,104,6,64,80,55,52,107" hai1="94,82,73,37,1,103,87,2,111,74,132,12,131" hai2="128,13,116,134,58,11,67,108,46,48,119,3,62" hai3="75,9,84,83,50,34,44,133,71,43,114,35,101"/><W70/><G114/><T32/><D32/><U130/><E111/><N who="0" m="42505" /><D39/><U122/><E122/><V5/><F108/><W51/><G75/><N who="1" m="28682" /><E37/><V91/><F128/><N who="1" m="49193" /><E12/><V17/><F91/><W23/><G101/><T127/><D127/><U27/><E27/><V129/><F134/><W25/><G51/><T10/><D80/><U98/><E132/><V59/><F59/><W85/><G85/><T24/><D24/><U92/><E92/><V60/><F60/><W100/><G100/><T69/><D69/><U61/><E61/><V118/><F129/><W26/><G133/><T45/><D135/><U22/><E22/><V78/><F78/><AGARI ba="0,0" hai="1,2,78,82,87,94,98,103" m="49193,28682" machi="78" ten="30,1000,0" yaku="19,1" doraHai="0" who="1" fromWho="2" sc="353,0,190,10,200,-10,257,0" /><INIT seed="4,0,0,0,0,36" ten="353,200,190,257" oya="0" hai0="78,92,19,97,31,1,8,15,81,57,75,134,56" hai1="91,98,84,123,61,88,29,34,12,69,135,11,125" hai2="60,62,85,133,129,115,114,3,73,44,27,39,83" hai3="87,121,42,66,70,128,9,55,59,32,103,63,16"/><T0/><D134/><U99/><E123/><V107/><F107/><W30/><G121/><T102/><REACH who="0" step="1"/><D31/><REACH who="0" ten="343,200,190,257" step="2"/><U100/><E135/><V126/><F133/><W2/><G30/><T51/><D51/><U46/><E29/><V25/><F39/><W124/><G124/><T127/><D127/><U82/><E125/><V116/><F126/><W93/><G32/><T50/><D50/><U118/><E34/><V101/><F115/><W110/><G110/><T68/><D68/><U54/><E69/><V41/><F114/><W58/><G70/><T28/><D28/><U67/><E118/><V38/><F116/><W106/><G128/><T86/><D86/><U37/><E37/><V14/><F129/><W109/><G109/><T6/><D6/><U48/><E84/><V79/><F85/><W20/><G87/><T77/><D77/><U64/><E48/><V117/><F117/><W45/><G59/><AGARI ba="0,1" hai="0,1,8,15,19,56,57,59,75,78,81,92,97,102" machi="59" ten="40,3900,0" yaku="1,1,53,1" doraHai="36" doraHaiUra="105" who="0" fromWho="3" sc="343,49,200,0,190,0,257,-39" /><INIT seed="4,1,0,5,0,20" ten="392,200,190,218" oya="0" hai0="99,112,116,9,60,85,46,59,87,7,84,0,30" hai1="63,134,31,118,49,75,117,25,5,82,127,8,94" hai2="72,98,102,57,27,88,109,26,10,107,67,128,124" hai3="50,42,17,58,78,35,77,126,22,135,16,53,71"/><T103/><D116/><U104/><E104/><V110/><F72/><W70/><G35/><T80/><D112/><U65/><E134/><V3/><F128/><W74/><G135/><T47/><D80/><U48/><E127/><V23/><F124/><W79/><G126/><T28/><D28/><U43/><E94/><V89/><F67/><W130/><G130/><T40/><D30/><U37/><E37/><V76/><F57/><W122/><G122/><T1/><D1/><U73/><E73/><V66/><F66/><W92/><G74/><T13/><D0/><U32/><E49/><V108/><F76/><W61/><G92/><T69/><D40/><U12/><E82/><V2/><F26/><W91/><G91/><T18/><D7/><U51/><E51/><V36/><F36/><W11/><G11/><T93/><REACH who="0" step="1"/><D69/><REACH who="0" ten="382,200,190,218" step="2"/><U86/><E118/><V106/><F2/><W111/><G71/><T114/><D114/><U97/><E117/><V90/><F3/><W100/><G70/><T95/><D95/><U52/><E31/><V96/><F109/><W21/><G42/><T34/><D34/><U29/><E43/><V123/><F110/><W131/><G111/><T45/><D45/><U33/><E33/><V39/><F108/><W24/><G131/><T133/><D133/><U56/><E32/><V113/><F113/><W6/><G6/><T120/><D120/><U119/><E119/><V132/><F123/><W81/><G81/><T4/><D4/><U38/><E5/><V68/><F132/><W19/><G19/><T129/><D129/><U54/><E29/><RYUUKYOKU ba="1,1" sc="382,30,200,-10,190,-10,218,-10" hai0="9,13,18,46,47,59,60,84,85,87,93,99,103" /><INIT seed="4,2,1,4,1,97" ten="412,190,180,208" oya="0" hai0="84,49,78,131,66,135,45,120,133,91,38,46,79" hai1="102,77,119,110,3,103,125,93,101,44,31,106,83" hai2="29,42,104,80,129,2,113,25,0,55,127,73,16" hai3="98,88,63,24,1,115,68,89,85,17,34,26,69"/><T123/><D79/><U52/><E119/><V6/><F104/><W105/><G1/><T130/><D78/><U39/><E110/><V132/><F42/><W81/><G115/><T95/><D38/><U116/><E116/><V114/><F55/><W90/><G34/><T40/><D45/><U14/><E3/><N who="2" m="1067" /><F80/><W56/><G90/><T53/><D40/><U74/><E106/><V100/><F100/><W19/><G19/><T111/><D66/><U28/><E125/><V82/><F82/><W11/><G11/><T92/><D92/><U18/><E93/><V48/><F48/><W112/><G112/><N who="2" m="43113" /><F73/><W9/><G89/><T99/><D84/><U126/><E126/><V128/><F6/><W50/><G50/><T57/><D46/><U36/><E36/><V5/><F5/><W27/><G98/><T51/><D51/><U23/><REACH who="1" step="1"/><E52/><REACH who="1" ten="412,180,180,208" step="2"/><V33/><F127/><W121/><G105/><T20/><D111/><U13/><E13/><V8/><F132/><W41/><G41/><AGARI ba="2,2" hai="14,18,23,28,31,39,41,44,74,77,83,101,102,103" machi="41" ten="40,8000,1" yaku="1,1,52,3,53,0" doraHai="97" doraHaiUra="108" who="1" fromWho="3" sc="412,0,180,106,180,0,208,-86" /><INIT seed="5,0,0,1,5,87" ten="412,286,180,122" oya="1" hai0="93,65,101,66,117,50,42,68,74,79,56,11,83" hai1="36,129,35,53,106,20,2,13,76,132,113,121,7" hai2="58,103,126,119,60,75,33,5,23,3,24,55,15" hai3="118,96,8,25,88,6,12,85,47,109,32,131,16"/><U57/><E121/><V95/><F75/><W44/><G109/><T22/><D117/><U26/><E113/><V72/><F72/><W104/><G118/><T110/><D110/><U94/><E106/><V30/><F126/><W1/><G131/><T127/><D68/><U107/><E107/><V98/><F119/><W99/><G99/><T116/><D127/><U29/><E129/><V31/><F3/><W46/><G96/><T80/><D80/><U69/><E69/><V71/><F71/><W43/><G104/><T102/><D11/><N who="1" m="2551" /><E76/><V45/><F33/><W112/><G112/><T130/><D79/><U40/><E94/><V0/><F0/><W4/><G43/><T19/><D93/><U89/><E40/><V70/><F70/><W48/><G48/><T63/><D42/><U92/><E36/><V52/><F31/><W54/><G54/><T59/><D83/><U105/><E105/><V123/><F123/><W27/><G32/><T37/><D37/><U82/><E82/><V14/><F5/><N who="3" m="2155" /><G1/><T120/><D120/><U108/><E108/><V41/><REACH who="2" step="1"/><F55/><REACH who="2" ten="412,286,170,122" step="2"/><W128/><G128/><T9/><D130/><U122/><E122/><V77/><F77/><W124/><G124/><T18/><D116/><U86/><E53/><V67/><F67/><W10/><G10/><T17/><D65/><U134/><E35/><V51/><AGARI ba="0,1" hai="14,15,23,24,30,41,45,51,52,58,60,95,98,103" machi="51" ten="20,8000,1" yaku="1,1,0,1,7,1,8,1,54,1,53,0" doraHai="87" doraHaiUra="125" who="2" fromWho="2" sc="412,-20,286,-40,170,90,122,-20" /><INIT seed="6,0,0,3,5,54" ten="392,246,260,102" oya="2" hai0="10,1,120,91,69,40,117,34,29,85,8,41,17" hai1="13,26,122,48,19,65,109,12,24,39,78,82,72" hai2="97,95,104,84,52,119,35,57,64,62,55,9,61" hai3="93,128,58,92,18,131,125,51,118,47,33,96,25"/><V79/><F119/><W32/><G118/><T3/><D117/><U4/><E109/><V103/><F35/><W135/><G93/><T74/><D69/><U15/><E39/><V127/><F127/><W124/><G33/><T100/><D74/><U86/><E122/><V75/><F9/><W44/><G32/><T21/><D100/><U106/><E106/><V66/><F75/><W59/><G25/><T68/><D68/><U76/><E65/><V7/><F7/><W5/><G5/><T27/><D10/><U98/><E98/><V0/><F0/><W81/><G81/><T110/><D110/><U30/><E4/><V107/><F107/><W37/><G18/><T102/><D102/><U50/><E76/><V2/><F2/><W108/><G135/><T23/><D34/><U43/><E72/><V129/><F129/><N who="3" m="49739" /><G108/><T80/><D3/><U67/><E30/><V115/><F115/><W83/><G83/><T87/><D8/><U14/><E82/><N who="2" m="47199" /><F104/><W31/><G31/><T38/><D1/><U20/><E78/><V111/><F111/><W133/><G133/><T16/><D29/><U90/><E86/><V101/><F101/><N who="3" m="60551" /><G37/><T134/><D38/><U126/><E90/><V22/><F22/><W114/><G114/><T121/><D134/><U88/><E20/><V99/><F99/><W123/><G123/><N who="0" m="47179" /><D85/><U46/><E88/><V63/><F66/><W42/><G44/><T112/><D112/><U60/><E67/><V94/><F94/><W89/><G89/><T56/><D27/><U116/><E26/><V49/><F64/><W45/><G45/><AGARI ba="0,0" hai="45,49,52,55,57,61,62,63,95,97,103" m="47199" machi="45" ten="30,11600,0" yaku="6,1,8,1,52,1,54,1" doraHai="54" who="2" fromWho="3" sc="392,0,246,0,260,116,102,-116" owari="392,49.2,246,-15.4,376,17.6,-14,-51.4" /></mjloggm>