<mjloggm ver="2.3"><GO type="169" lobby="0"/><UN n0="%61%79%61%70%69%6E" n1="%E5%B8%B0%E3%82%8A%E3%81%9F%E3%81%84%E3%80%82" n2="%6B%69%72%61%72%69%79%75" n3="%E7%AD%89%E3%80%85%E5%8A%9B%E5%8A%87%E5%A0%B4" dan="16,17,17,16" rate="2196.25,2150.68,2175.80,2140.47" sx="M,M,M,M"/><TAIKYOKU oya="0"/><INIT seed="0,0,0,2,4,14" ten="250,250,250,250" oya="0" hai0="45,6,49,33,134,15,102,126,0,37,88,5,116" hai1="22,31,13,103,1,46,101,27,110,9,112,52,130" hai2="32,120,68,80,25,44,92,70,131,135,26,41,97" hai3="125,108,66,58,72,42,89,117,118,100,59,107,96"/><T19/><D37/><U17/><E110/><V51/><F135/><W2/><G2/><T12/><D134/><U119/><E119/><V85/><F131/><W83/><G108/><T61/><D116/><U121/><E121/><V95/><F120/><W20/><G125/><T127/><D33/><U67/><E130/><V128/><F128/><W48/><G59/><T105/><D0/><U86/><E112/><V53/><F41/><W76/><G66/><T4/><D61/><U81/><E67/><V28/><F25/><W133/><G133/><T23/><D102/><U34/><E1/><V57/><F44/><W129/><G129/><T29/><D105/><U55/><E34/><V111/><F111/><W71/><G71/><T63/><D63/><U77/><E55/><V94/><REACH who="2" step="1"/><F97/><REACH who="2" ten="250,250,240,250" step="2"/><W109/><G42/><T18/><D126/><U84/><E84/><V69/><F69/><W16/><G109/><T50/><D127/><U3/><E3/><V91/><AGARI ba="0,1" hai="26,28,32,51,53,57,68,70,80,85,91,92,94,95" machi="91" ten="30,4000,0" yaku="1,1,0,1,53,1" doraHai="14" doraHaiUra="79" who="2" fromWho="2" sc="250,-20,250,-10,240,50,250,-10" /><INIT seed="1,0,0,2,4,51" ten="230,240,290,240" oya="1" hai0="77,79,52,53,6,98,37,48,111,57,94,54,92" hai1="25,61,63,24,65,84,32,78,55,76,23,35,11" hai2="115,107,38,50,127,122,34,105,69,91,82,13,2" hai3="71,7,88,64,43,121,72,15,114,125,56,3,40"/><U117/><E117/><V33/><F2/><W62/><G121/><T26/><D37/><U49/><E11/><V131/><F38/><W18/><G114/><T108/><D6/><U8/><E8/><V73/><F122/><W89/><G72/><T22/><D48/><U133/><E133/><V93/><F69/><W66/><G3/><T134/><D57/><U0/><E0/><V101/><F131/><W83/><G7/><T27/><D134/><U112/><E25/><N who="0" m="9225" /><D22/><U9/><E9/><V106/><F127/><W74/><G125/><T12/><D12/><U10/><E10/><V87/><F13/><W124/><G124/><T123/><D123/><U36/><E36/><V97/><F50/><W45/><G45/><T119/><D119/><U58/><E61/><V31/><F31/><W102/><G102/><T41/><D41/><U95/><E35/><V14/><F14/><W100/><G100/><T21/><D21/><U44/><E32/><N who="2" m="12395" /><F115/><W90/><G15/><T1/><D1/><U103/><E112/><V28/><F28/><W39/><G39/><T70/><D70/><U85/><E23/><V104/><F104/><W30/><G30/><T59/><D59/><U110/><E24/><V132/><F132/><W19/><G71/><T46/><D46/><U96/><REACH who="1" step="1"/><E110/><REACH who="1" ten="230,230,290,240" step="2"/><N who="0" m="42025" /><D94/><U99/><E99/><V113/><F113/><W68/><G62/><T116/><D116/><U60/><E60/><V20/><F20/><W5/><G5/><T130/><D130/><U80/><E80/><V128/><F128/><W86/><G83/><T47/><D47/><U29/><E29/><RYUUKYOKU ba="0,1" sc="230,10,230,10,290,10,240,-30" hai0="52,53,54,77,79,92,98" hai1="44,49,55,58,63,65,76,78,84,85,95,96,103" hai2="73,82,87,91,93,97,101,105,106,107" /><INIT seed="1,1,1,4,5,33" ten="240,240,300,210" oya="1" hai0="104,77,97,99,75,78,3,70,92,60,124,133,98" hai1="40,68,2,119,54,50,96,110,117,58,125,94,121" hai2="80,36,90,87,65,13,18,46,135,72,31,91,1" hai3="30,107,128,24,5,114,111,12,15,95,86,101,83"/><U43/><E121/><V62/><F135/><W20/><G114/><T0/><D104/><U66/><E125/><V61/><F72/><W21/><G107/><T126/><D92/><U49/><E2/><N who="0" m="553" /><D75/><U79/><E79/><N who="0" m="30217" /><D133/><U127/><E127/><N who="0" m="48681" /><D60/><U105/><E94/><V14/><F62/><W56/><G95/><T76/><N who="0" m="30225" /><T100/><DORA hai="41" /><D100/><U134/><E105/><V112/><F112/><W130/><G101/><T45/><D70/><U69/><E96/><V129/><F61/><W29/><G86/><T44/><AGARI ba="1,1" hai="44,45,97,98,99" m="48681,30225,553" machi="44" ten="50,16000,3" yaku="28,2,18,1,52,5" doraHai="33,41" who="0" fromWho="0" sc="240,173,240,-81,300,-41,210,-41" /><INIT seed="2,0,0,0,2,61" ten="413,159,259,169" oya="2" hai0="99,124,69,73,104,63,130,129,77,45,106,92,113" hai1="49,2,86,90,121,13,4,70,46,59,88,126,50" hai2="60,21,112,114,96,57,32,65,29,72,118,110,51" hai3="108,125,74,43,30,94,79,122,85,38,133,78,83"/><V28/><F118/><W135/><G122/><T123/><D45/><U5/><E70/><V91/><F72/><W6/><G30/><T116/><D123/><U31/><E2/><V115/><F110/><W37/><G6/><T48/><D48/><U84/><E126/><V42/><F32/><W62/><G125/><T22/><D124/><U44/><E59/><V23/><F29/><W26/><G108/><T10/><D10/><U75/><E75/><V34/><F42/><W103/><G26/><T89/><D22/><U76/><E76/><V8/><F8/><W66/><G79/><T56/><D69/><U16/><E31/><V55/><F34/><W132/><G43/><T68/><D68/><U24/><E24/><V64/><F28/><W107/><G107/><T11/><D11/><U93/><E121/><V95/><REACH who="2" step="1"/><F65/><REACH who="2" ten="413,159,249,169" step="2"/><W3/><G74/><T102/><D116/><U41/><E41/><V14/><F14/><W101/><G3/><T1/><D1/><U47/><E4/><V9/><F9/><W134/><G134/><T111/><D111/><U81/><E5/><V131/><F131/><W98/><REACH who="3" step="1"/><G103/><REACH who="3" ten="413,159,249,159" step="2"/><T105/><D102/><U67/><E13/><V52/><F52/><W35/><G35/><T40/><D40/><U119/><E119/><V128/><F128/><W20/><G20/><T71/><D129/><U100/><E100/><V120/><F120/><W54/><G54/><T15/><D130/><U39/><E16/><V33/><F33/><W36/><G36/><T80/><D15/><U25/><E39/><V117/><F117/><W109/><G109/><RYUUKYOKU ba="0,2" sc="413,-15,159,-15,249,15,159,15" hai2="21,23,51,55,57,60,64,91,95,96,112,114,115" hai3="37,38,62,66,78,83,85,94,98,101,132,133,135" /><INIT seed="2,1,2,3,2,59" ten="398,144,264,174" oya="2" hai0="44,17,96,71,94,86,129,115,102,38,29,101,98" hai1="65,23,126,112,40,7,35,41,81,15,58,21,8" hai2="111,99,130,78,83,18,32,24,84,27,87,25,74" hai3="127,72,11,54,89,43,108,122,69,121,20,90,10"/><V68/><F68/><W132/><G72/><T91/><D71/><U56/><E35/><V92/><F130/><W97/><G69/><T47/><D115/><U66/><E112/><V22/><F111/><W3/><G132/><T51/><D129/><U31/><E126/><V28/><REACH who="2" step="1"/><F27/><REACH who="2" ten="398,144,254,174" step="2"/><W52/><G108/><T93/><D38/><U42/><E66/><V73/><F73/><W113/><G113/><T135/><D135/><U14/><E65/><V107/><F107/><W6/><G127/><T120/><D120/><U106/><E106/><V46/><F46/><W85/><G122/><T134/><D134/><U26/><E58/><V2/><F2/><W125/><G3/><T53/><D44/><U16/><E56/><V9/><F9/><W100/><G10/><T19/><REACH who="0" step="1"/><D29/><REACH who="0" ten="388,144,254,174" step="2"/><U67/><E67/><V50/><F50/><W123/><G121/><T30/><D30/><U116/><E116/><V0/><F0/><W48/><G48/><T105/><AGARI ba="1,4" hai="17,19,47,51,53,86,91,93,94,96,98,101,102,105" machi="105" ten="20,2700,0" yaku="1,1,0,1,7,1,53,0" doraHai="59" doraHaiUra="36" who="0" fromWho="0" sc="388,70,144,-8,254,-14,174,-8" /><INIT seed="3,0,0,1,0,113" ten="458,136,240,166" oya="3" hai0="42,99,2,129,4,17,27,37,33,64,96,132,41" hai1="3,38,130,121,12,7,110,117,131,43,61,135,82" hai2="105,59,79,25,53,29,127,1,66,11,83,114,94" hai3="28,54,16,71,31,13,116,74,102,0,95,120,88"/><W100/><G120/><T65/><D132/><U77/><E121/><V32/><F105/><W58/><G0/><T81/><D129/><N who="1" m="49163" /><E12/><V108/><F108/><W68/><G74/><T39/><D81/><U48/><E110/><V67/><F127/><W49/><G116/><T22/><D33/><U98/><E98/><N who="0" m="37417" /><D2/><U90/><E90/><V26/><F94/><W57/><G71/><T9/><D37/><U123/><E123/><V69/><F26/><W60/><G68/><T45/><D39/><U8/><E48/><V85/><F114/><W122/><G122/><T75/><D75/><N who="1" m="43327" /><E61/><V36/><F36/><W23/><G102/><T47/><D4/><U84/><E84/><V134/><F134/><W115/><G100/><T40/><D9/><U109/><E109/><V78/><F78/><W80/><G80/><T46/><AGARI ba="0,0" hai="17,22,27,40,41,42,45,46,47,64,65" m="37417" machi="46" ten="40,1500,0" yaku="8,1" doraHai="113" who="0" fromWho="0" sc="458,15,136,-4,240,-4,166,-7" /><INIT seed="4,0,0,2,0,119" ten="473,132,236,159" oya="0" hai0="24,20,5,65,84,68,86,98,39,50,37,17,71" hai1="103,45,74,107,25,88,130,81,112,33,30,89,29" hai2="51,132,90,127,0,4,131,43,87,76,133,96,53" hai3="16,64,6,129,15,102,62,79,31,14,122,28,85"/><T40/><D5/><U92/><E130/><V106/><F43/><W41/><G129/><T58/><D39/><U105/><E30/><V135/><F0/><W121/><G102/><T83/><D37/><U116/><E116/><V8/><F131/><W46/><G6/><T78/><D68/><U100/><E112/><V120/><F120/><N who="3" m="46187" /><G14/><T118/><D71/><U104/><E45/><V67/><F127/><W9/><G79/><T77/><D98/><N who="1" m="57607" /><E25/><V32/><F76/><W10/><G10/><T11/><D11/><U26/><E26/><V117/><F117/><W42/><G85/><T12/><D12/><U23/><E23/><V72/><F87/><W110/><G110/><T60/><D118/><U55/><E29/><N who="3" m="11338" /><G46/><N who="0" m="25927" /><D86/><N who="1" m="50383" /><E33/><V34/><F34/><W47/><G47/><T7/><D7/><U38/><E38/><V54/><F32/><W1/><G1/><T13/><D13/><U93/><E74/><V48/><F72/><W75/><G75/><T57/><D77/><U61/><E107/><V125/><F106/><W128/><G128/><T101/><D101/><U49/><E105/><V63/><F8/><W124/><G124/><T56/><AGARI ba="0,0" hai="17,20,24,56,57,58,60,65,78,83,84" m="25927" machi="56" ten="30,1500,0" yaku="8,1" doraHai="119" who="0" fromWho="0" sc="473,15,132,-5,236,-5,159,-5" /><INIT seed="4,1,0,4,3,60" ten="488,127,231,154" oya="0" hai0="93,114,37,66,69,94,126,125,24,84,6,55,86" hai1="113,25,0,122,128,100,63,98,133,53,56,107,42" hai2="97,117,30,45,4,35,112,36,17,10,106,57,49" hai3="8,127,14,23,27,85,116,79,91,87,131,32,11"/><T120/><D37/><U40/><E122/><V62/><F112/><W90/><G32/><T74/><D74/><U1/><E128/><V48/><F36/><W5/><G116/><T7/><D120/><U26/><E133/><V124/><F17/><W77/><G127/><N who="0" m="48651" /><D55/><U52/><E113/><V119/><F124/><W18/><G131/><T104/><D104/><U58/><E0/><V47/><F30/><W89/><REACH who="3" step="1"/><G11/><REACH who="3" ten="488,127,231,144" step="2"/><T64/><D114/><U132/><E132/><V99/><F35/><W135/><G135/><T108/><D108/><U15/><E1/><V28/><F10/><W118/><G118/><T103/><D24/><U3/><E3/><V38/><F119/><W81/><G81/><T111/><D111/><U82/><E82/><V109/><F117/><W44/><G44/><T59/><D6/><U21/><E26/><V123/><F4/><W22/><G22/><T101/><D7/><U13/><E15/><V130/><F47/><W41/><G41/><T78/><D59/><U129/><E13/><V83/><F57/><W121/><G121/><T61/><D69/><U73/><E129/><V34/><F34/><W16/><G16/><T54/><D54/><U75/><E42/><V92/><F130/><W102/><G102/><T20/><D20/><U50/><REACH who="1" step="1"/><E40/><REACH who="1" ten="488,117,231,144" step="2"/><N who="2" m="24615" /><F123/><W39/><G39/><T67/><D103/><U88/><E88/><V33/><F38/><W95/><G95/><T46/><D101/><U134/><E134/><V68/><F92/><W9/><G9/><T51/><D94/><U110/><E110/><V2/><F109/><W80/><G80/><RYUUKYOKU ba="1,2" sc="488,-15,117,15,231,-15,144,15" hai1="21,25,50,52,53,56,58,63,73,75,98,100,107" hai3="5,8,14,18,23,27,77,79,85,87,89,90,91" /><INIT seed="5,2,2,1,5,51" ten="473,132,216,159" oya="1" hai0="54,69,45,75,74,123,92,62,76,84,7,110,82" hai1="43,131,120,23,134,9,78,73,53,114,127,26,108" hai2="94,115,63,50,118,57,38,122,93,67,109,71,15" hai3="133,19,59,77,8,87,41,107,40,39,14,128,72"/><U65/><E120/><V68/><F122/><W105/><G72/><T70/><D123/><U111/><E114/><V132/><F118/><W33/><G33/><T90/><D110/><N who="1" m="42027" /><E127/><V48/><F109/><W52/><G128/><T112/><D112/><U37/><E134/><V104/><F104/><W47/><G133/><T35/><D35/><U126/><E126/><V95/><F115/><W24/><G41/><T125/><D74/><U102/><E65/><V34/><F34/><W31/><G31/><T11/><D125/><U28/><E102/><V42/><F132/><W21/><G77/><T101/><D101/><U117/><E117/><V91/><F91/><W58/><G58/><T106/><D106/><U89/><E89/><V16/><F38/><W25/><G87/><T66/><D70/><U3/><E131/><V60/><F71/><W99/><G99/><T13/><D45/><N who="1" m="23791" /><E53/><V100/><F100/><W129/><G129/><T135/><D54/><U18/><E3/><V64/><REACH who="2" step="1"/><F42/><REACH who="2" ten="473,132,206,159" step="2"/><W44/><G40/><T103/><D103/><U1/><E78/><V97/><F97/><W20/><G39/><T79/><D79/><U96/><E96/><V56/><F56/><W10/><G59/><T86/><D135/><U116/><E116/><V130/><F130/><W119/><G119/><T124/><D124/><U12/><E1/><V5/><F5/><W61/><G107/><T46/><D46/><U88/><E88/><V32/><F32/><W81/><G47/><T2/><D2/><U17/><E73/><V121/><F121/><W83/><G44/><T29/><D75/><RYUUKYOKU ba="2,3" sc="473,10,132,10,206,10,159,-30" hai0="7,11,13,29,62,66,69,76,82,84,86,90,92" hai1="9,12,17,18,23,26,28" hai2="15,16,48,50,57,60,63,64,67,68,93,94,95" /><INIT seed="5,3,3,3,3,0" ten="483,142,216,129" oya="1" hai0="30,133,61,51,110,122,9,74,6,71,116,86,40" hai1="52,39,98,112,68,96,94,4,26,42,13,66,45" hai2="127,123,18,2,33,104,117,72,50,48,19,5,132" hai3="34,113,81,129,31,46,10,108,27,53,85,106,62"/><U87/><E112/><V11/><F117/><W79/><G108/><T20/><D74/><U99/><E68/><V69/><F123/><W114/><G106/><T57/><D116/><U118/><E66/><V64/><F104/><W8/><G129/><T101/><D122/><U126/><E126/><V89/><F72/><W12/><G8/><T67/><D110/><U41/><E118/><V59/><F127/><W38/><G62/><T91/><D133/><U77/><E26/><V83/><F132/><W21/><G34/><T97/><D30/><U14/><E4/><V44/><F33/><W70/><G70/><T37/><D20/><U119/><E119/><V36/><F36/><W121/><G121/><T102/><D97/><U130/><E130/><V24/><F24/><W105/><G105/><T100/><D37/><U73/><E42/><V32/><F32/><W93/><G93/><T80/><D40/><U63/><E73/><V82/><F69/><W128/><G128/><T107/><D107/><U29/><E29/><V47/><F64/><W25/><G25/><T43/><D71/><U56/><REACH who="1" step="1"/><E94/><REACH who="1" ten="483,132,216,129" step="2"/><V3/><F5/><W84/><G114/><T65/><D65/><U134/><E134/><V76/><F19/><W28/><G113/><T115/><D115/><U131/><E131/><V124/><F18/><W7/><G31/><T60/><D67/><U17/><E17/><V78/><F124/><W120/><G120/><T23/><D43/><U95/><E95/><V22/><F2/><W55/><G28/><T125/><D125/><U15/><E15/><V90/><F3/><RYUUKYOKU ba="3,4" sc="483,-10,132,30,216,-10,129,-10" hai1="13,14,39,41,45,52,56,63,77,87,96,98,99" /><INIT seed="5,4,4,4,0,93" ten="473,162,206,119" oya="1" hai0="118,37,9,21,12,102,6,47,85,57,115,123,116" hai1="106,31,110,43,32,19,20,73,92,132,16,28,128" hai2="105,36,134,108,72,48,14,61,51,55,69,59,126" hai3="29,131,4,70,23,90,33,74,60,22,113,41,109"/><U111/><E106/><V75/><F108/><N who="1" m="41513" /><E73/><V1/><F1/><W125/><G109/><T81/><D123/><U5/><E32/><V107/><F36/><W53/><G74/><T124/><D124/><U95/><E128/><V52/><F126/><W2/><G125/><T7/><D115/><U17/><E132/><V26/><F134/><W86/><G113/><T97/><D6/><U68/><E68/><V120/><F120/><W66/><G131/><T10/><D10/><U35/><E35/><V77/><F14/><W24/><G41/><T121/><D21/><U99/><E5/><V84/><F84/><W25/><G53/><T56/><D121/><U49/><E20/><V11/><F11/><W13/><G2/><T98/><D118/><U0/><E92/><V3/><F3/><W44/><G4/><T71/><D71/><U79/><E79/><V89/><F26/><W76/><G76/><T122/><D116/><U112/><E0/><V88/><F77/><W114/><G114/><T130/><D122/><U117/><E117/><V87/><F87/><W58/><G13/><T129/><D130/><U67/><E67/><V42/><F69/><W38/><G70/><T78/><D129/><U39/><E39/><V96/><F75/><W65/><G66/><T133/><D133/><U63/><E63/><V91/><F72/><W30/><G33/><T45/><D37/><U119/><E112/><V80/><F107/><W135/><G135/><T40/><D7/><U127/><E119/><V50/><F105/><W94/><G38/><T104/><D9/><U83/><E127/><RYUUKYOKU ba="4,4" sc="473,-10,162,-10,206,-10,119,30" hai3="22,23,24,25,29,30,44,58,60,65,86,90,94" /><INIT seed="6,5,4,5,3,115" ten="463,152,196,149" oya="2" hai0="84,65,102,78,85,62,130,42,35,105,88,58,96" hai1="97,133,38,67,48,95,56,47,29,53,92,26,82" hai2="99,108,68,120,131,25,39,70,10,19,93,57,50" hai3="129,8,36,107,111,52,66,31,117,90,106,23,103"/><V81/><F39/><W13/><G111/><T122/><D130/><U127/><E133/><V80/><F120/><W110/><G110/><T112/><D122/><U22/><E127/><V0/><F108/><W41/><G129/><T71/><D112/><U40/><E97/><V33/><F131/><W45/><G66/><T1/><D1/><U94/><E82/><N who="2" m="31851" /><F70/><W79/><G79/><T16/><D35/><U17/><REACH who="1" step="1"/><E67/><REACH who="1" ten="463,142,196,149" step="2"/><V37/><F99/><W121/><G121/><T60/><D78/><U64/><E64/><V124/><F124/><W43/><G107/><T72/><D72/><U55/><E55/><V51/><F93/><W14/><G106/><T128/><D128/><U123/><E123/><V21/><F68/><W2/><G52/><T87/><D42/><U20/><E20/><V132/><F21/><W118/><G43/><T46/><D46/><U59/><E59/><V4/><F57/><W86/><G23/><T12/><D62/><U6/><E6/><V69/><F4/><W7/><G7/><T5/><D5/><U109/><E109/><V63/><F69/><W116/><G103/><T114/><D71/><U54/><E54/><V98/><F98/><W91/><G2/><T135/><D114/><U76/><E76/><V89/><F0/><W9/><G41/><T3/><D3/><U100/><E100/><V27/><F132/><W34/><G34/><T74/><D135/><U126/><E126/><V75/><F33/><W134/><G134/><T24/><D74/><U104/><E104/><V125/><F125/><W83/><G45/><T11/><D88/><RYUUKYOKU ba="5,5" sc="463,15,142,15,196,-15,149,-15" hai0="11,12,16,24,58,60,65,84,85,87,96,102,105" hai1="17,22,26,29,38,40,47,48,53,56,92,94,95" /><INIT seed="7,6,5,3,4,115" ten="478,157,181,134" oya="3" hai0="14,131,84,4,122,126,94,6,125,118,75,3,19" hai1="117,130,132,96,64,46,7,20,51,13,82,90,71" hai2="113,78,23,121,81,106,79,114,12,134,0,43,135" hai3="99,41,62,32,30,42,97,120,1,49,44,29,65"/><W95/><G120/><T133/><D118/><U68/><E117/><V36/><F0/><W105/><G1/><T83/><D122/><U9/><E130/><V74/><F121/><W50/><G105/><T129/><D94/><U24/><E64/><V92/><F106/><W73/><G73/><T124/><D75/><U58/><E58/><V77/><F92/><W28/><G32/><T52/><D52/><U100/><E82/><V54/><F54/><W17/><G17/><T2/><D2/><U37/><E37/><V85/><F74/><W47/><REACH who="3" step="1"/><G95/><REACH who="3" ten="478,157,181,124" step="2"/><T27/><D3/><U127/><E127/><V103/><F114/><W26/><G26/><T80/><D27/><U61/><E24/><V10/><F113/><W98/><G98/><T38/><D126/><U87/><E96/><V57/><F135/><W45/><G45/><T8/><D133/><U111/><E132/><V112/><F134/><W48/><G48/><T15/><D38/><U22/><E51/><V69/><F36/><W63/><G63/><T67/><D84/><U76/><E46/><V60/><F85/><W25/><G25/><T11/><D19/><U91/><E61/><V53/><F60/><W123/><G123/><T56/><D56/><AGARI ba="6,6" hai="28,29,30,41,42,44,47,49,50,56,62,65,97,99" machi="56" ten="40,7700,0" yaku="1,1,9,1,8,1,53,0" doraHai="115" doraHaiUra="70" who="3" fromWho="0" sc="478,-95,157,0,181,0,124,155" /><INIT seed="7,7,0,4,5,62" ten="383,157,181,279" oya="3" hai0="90,37,24,13,41,36,58,7,103,111,115,10,134" hai1="87,80,57,63,108,109,56,8,35,93,18,28,82" hai2="72,116,21,3,77,71,131,27,98,126,128,70,122" hai3="130,95,88,22,133,91,32,59,6,119,14,112,48"/><W1/><G32/><T40/><D111/><U83/><E35/><V69/><F116/><W9/><G119/><T73/><D73/><U49/><E109/><V105/><F3/><W120/><G120/><T38/><D134/><U79/><E108/><V54/><F122/><W104/><G104/><T118/><D118/><U94/><E28/><V97/><F126/><W78/><G112/><T29/><D115/><U4/><E18/><N who="2" m="12727" /><F105/><W89/><G130/><N who="2" m="49705" /><F54/><W0/><G133/><T61/><D103/><U135/><E135/><V19/><F19/><W5/><G78/><T102/><D102/><U44/><E79/><V31/><F31/><W20/><G95/><N who="1" m="36362" /><E87/><V2/><F2/><W129/><G129/><T25/><D90/><U106/><E106/><V99/><F77/><W110/><G110/><T47/><D24/><U51/><E63/><V75/><AGARI ba="7,0" hai="69,70,71,72,75,97,98,99" m="49705,12727" machi="75" ten="40,1500,0" yaku="19,1" doraHai="62" who="2" fromWho="2" sc="383,-11,157,-11,181,36,279,-14" owari="372,47.2,146,-35.4,217,-18.3,265,6.5" /></mjloggm>