<mjloggm ver="2.3"><GO type="169" lobby="0"/><UN n0="%4E%4E%4E%4A%43" n1="%E3%82%B7%E3%83%A9%E3%80%82" n2="%E3%81%82%E3%81%84%E3%81%93%E3%81%99" n3="%E6%BC%82%E3%81%86" dan="16,17,16,16" rate="2183.68,2234.47,2113.41,2111.95" sx="M,M,M,M"/><TAIKYOKU oya="0"/><INIT seed="0,0,0,1,4,60" ten="250,250,250,250" oya="0" hai0="57,102,120,112,14,9,74,10,73,123,47,104,131" hai1="30,135,127,101,124,35,86,42,122,82,133,20,62" hai2="100,126,129,67,33,58,113,26,70,71,105,59,46" hai3="77,6,88,45,95,132,92,64,52,17,61,110,38"/><T107/><D112/><U13/><E35/><V27/><F113/><W43/><G110/><T11/><D131/><U8/><E42/><V39/><F129/><W69/><G132/><N who="1" m="50762" /><E62/><V48/><F126/><N who="1" m="48169" /><E101/><V40/><F26/><W55/><G6/><T106/><D102/><U32/><E86/><V31/><F71/><W66/><G77/><T18/><D47/><U76/><E82/><V103/><F100/><W4/><G4/><T28/><D28/><U81/><E81/><V0/><F0/><W50/><G95/><T134/><D134/><U25/><E76/><V3/><F3/><W116/><G116/><T94/><D94/><U79/><E79/><V87/><F87/><W89/><G89/><T24/><D57/><U21/><E122/><V15/><F48/><W54/><G66/><T2/><D2/><U75/><E75/><V98/><F15/><W16/><REACH who="3" step="1"/><G50/><REACH who="3" ten="250,250,250,240" step="2"/><T85/><D123/><U34/><E34/><V118/><F118/><W29/><G29/><T128/><D120/><U108/><E108/><V1/><F1/><W97/><AGARI ba="0,1" hai="16,17,38,43,45,52,54,55,61,64,69,88,92,97" machi="97" ten="30,12000,2" yaku="1,1,0,1,52,1,54,3,53,0" doraHai="60" doraHaiUra="119" who="3" fromWho="3" sc="250,-60,250,-30,250,-30,240,130" /><INIT seed="1,0,0,0,0,121" ten="190,220,220,370" oya="1" hai0="65,8,6,27,100,75,119,95,72,94,74,81,108" hai1="123,76,34,88,62,135,50,2,79,122,43,128,0" hai2="117,82,31,49,12,4,25,59,48,130,41,22,33" hai3="70,17,66,39,87,26,107,1,103,92,112,73,71"/><U56/><E34/><V129/><F117/><W105/><G73/><T61/><D119/><U89/><E135/><V116/><F116/><W13/><G39/><T127/><D127/><U97/><E128/><V118/><F118/><W104/><G1/><T77/><D27/><U109/><E50/><V14/><F49/><W69/><G112/><T90/><D100/><U80/><E43/><V134/><F134/><W111/><G26/><T83/><D94/><U10/><E10/><V115/><F115/><W45/><G45/><T3/><D81/><U52/><E109/><V19/><F82/><W120/><G111/><T46/><D46/><U131/><E131/><N who="2" m="50187" /><F4/><W99/><G120/><T126/><D126/><U96/><E80/><V44/><F59/><W113/><G113/><T132/><D132/><U63/><REACH who="1" step="1"/><E56/><REACH who="1" ten="190,210,220,370" step="2"/><V38/><F48/><W54/><G70/><T30/><D108/><U23/><E23/><V36/><F38/><W86/><G71/><T16/><D74/><U7/><E7/><V47/><F44/><W110/><G110/><T93/><D75/><U35/><E35/><V124/><F124/><W42/><G42/><T5/><D6/><U85/><E85/><V114/><F114/><W24/><G87/><T101/><D72/><U67/><E67/><V15/><AGARI ba="0,1" hai="12,14,15,19,22,25,31,33,36,41,47" m="50187" machi="15" ten="30,1100,0" yaku="19,1" doraHai="121" who="2" fromWho="2" sc="190,-3,210,-5,220,21,370,-3" /><INIT seed="2,0,0,5,3,124" ten="187,205,241,367" oya="2" hai0="52,24,83,45,66,108,64,112,70,126,5,88,55" hai1="32,84,132,77,105,119,50,109,62,72,82,114,41" hai2="68,99,38,46,48,14,49,6,22,7,127,81,135" hai3="71,51,21,106,117,86,73,33,61,63,15,101,120"/><V76/><F127/><W131/><G117/><T98/><D112/><U111/><E32/><V115/><F115/><W67/><G33/><T53/><D126/><U90/><E114/><V54/><F38/><W58/><G73/><T9/><D108/><N who="1" m="41547" /><E119/><V121/><F121/><W42/><G120/><T47/><D24/><U26/><E132/><V69/><F135/><W134/><G134/><T91/><D70/><U100/><E26/><V128/><F99/><W56/><G101/><T10/><D98/><N who="1" m="61591" /><E62/><V19/><F69/><W2/><G71/><T44/><D83/><N who="1" m="45479" /><E50/><V34/><F68/><W89/><G51/><T29/><D29/><U25/><E25/><V123/><F34/><W79/><G63/><T129/><D5/><U133/><E41/><V92/><F49/><W18/><G42/><T116/><D116/><U16/><E133/><V8/><F123/><W59/><G61/><T102/><D64/><U125/><E125/><V35/><F35/><W20/><G67/><T0/><D66/><U31/><E31/><V28/><F28/><W122/><G122/><T30/><D30/><U65/><E65/><V1/><F6/><W74/><G18/><AGARI ba="0,0" hai="16,18,82,84,90" m="45479,61591,41547" machi="18" ten="30,2000,0" yaku="14,1,54,1" doraHai="124" who="1" fromWho="3" sc="187,0,205,20,241,0,367,-20" /><INIT seed="3,0,0,3,4,63" ten="187,225,241,347" oya="3" hai0="90,119,12,44,38,16,59,133,65,106,92,108,77" hai1="47,37,11,130,5,9,131,103,23,60,117,31,3" hai2="101,120,87,29,99,126,64,61,111,102,40,24,51" hai3="70,116,48,42,7,135,127,115,75,1,56,69,58"/><W36/><G75/><T134/><D106/><U26/><E117/><V94/><F111/><W109/><G1/><T82/><D119/><U95/><E11/><V34/><F126/><W46/><G7/><T84/><D108/><U81/><E60/><V25/><F25/><W128/><G116/><T55/><D44/><U107/><E95/><V98/><F87/><W85/><G85/><T105/><D38/><U14/><E14/><V22/><F120/><W72/><G72/><T32/><D32/><U86/><E103/><V18/><F51/><W45/><G109/><T78/><D105/><U21/><E21/><V121/><F40/><N who="3" m="22663" /><G115/><T49/><D65/><U43/><REACH who="1" step="1"/><E107/><REACH who="1" ten="187,215,241,347" step="2"/><V66/><F61/><W73/><G127/><T10/><REACH who="0" step="1"/><D78/><AGARI ba="0,1" hai="3,5,9,23,26,31,37,43,47,78,81,86,130,131" machi="78" ten="40,5200,0" yaku="1,1,2,1,53,1" doraHai="63" doraHaiUra="27" who="1" fromWho="0" sc="187,-52,215,62,241,0,347,0" /><INIT seed="4,0,0,4,4,16" ten="135,277,241,347" oya="0" hai0="57,89,92,0,19,5,110,114,111,37,10,88,44" hai1="59,52,113,50,123,98,29,120,90,76,91,34,132" hai2="61,103,67,30,131,77,107,87,66,130,36,27,70" hai3="94,40,96,127,35,101,58,102,56,128,105,85,95"/><T28/><D114/><U86/><E132/><V14/><F14/><W126/><G35/><T31/><D89/><U100/><E113/><V49/><F49/><W65/><G40/><T26/><D19/><U38/><E38/><V21/><F36/><W12/><G128/><T62/><D44/><U108/><E108/><N who="0" m="41513" /><D37/><U9/><E76/><V124/><F67/><W71/><G105/><T82/><D82/><U20/><E34/><V13/><F124/><W8/><G71/><T69/><D69/><U11/><E123/><V117/><F117/><W54/><G126/><T74/><D74/><U42/><E42/><V134/><F134/><W39/><G39/><T15/><D0/><U78/><E78/><V7/><F87/><W122/><G122/><T119/><D119/><U2/><E2/><V81/><F81/><W75/><G75/><T1/><D1/><U129/><E129/><V106/><F77/><W23/><G127/><T80/><D80/><N who="1" m="49479" /><E100/><V135/><F135/><W112/><G102/><T25/><D31/><U99/><E120/><V17/><F7/><W93/><G112/><T55/><D28/><U109/><E109/><V104/><REACH who="2" step="1"/><F103/><REACH who="2" ten="135,277,231,347" step="2"/><W118/><G118/><T72/><D72/><U6/><E6/><V73/><F73/><W97/><G101/><T32/><D32/><AGARI ba="0,1" hai="13,17,21,27,30,32,61,66,70,104,106,107,130,131" machi="32" ten="40,2600,0" yaku="1,1,52,1,53,0" doraHai="16" doraHaiUra="4" who="2" fromWho="0" sc="135,-26,277,0,231,36,347,0" /><INIT seed="5,0,0,0,3,44" ten="109,277,267,347" oya="1" hai0="34,113,20,134,133,51,16,103,23,122,79,127,29" hai1="65,41,5,96,0,9,2,73,62,112,17,26,67" hai2="82,124,85,56,77,116,19,45,81,68,88,118,52" hai3="18,37,31,15,100,64,55,125,49,131,74,12,75"/><U78/><E112/><V114/><F124/><W109/><G109/><T70/><D127/><U7/><E41/><V46/><F68/><W43/><G125/><T128/><D70/><U121/><E121/><V84/><F114/><W117/><G74/><T132/><D113/><U120/><E120/><V66/><F66/><W13/><G75/><T58/><D122/><U111/><E111/><V24/><F118/><W87/><G37/><T83/><D103/><U63/><E96/><V99/><F99/><W38/><G38/><T126/><D126/><U104/><E104/><V89/><F77/><W92/><G131/><T95/><D95/><U30/><E17/><V86/><F85/><W57/><G31/><T129/><D34/><U69/><E73/><V50/><F116/><W106/><G106/><T1/><D1/><U94/><E78/><V4/><F4/><W48/><G64/><T14/><D23/><AGARI ba="0,0" hai="19,23,24,45,46,50,52,56,81,82,84,86,88,89" machi="23" ten="40,8000,1" yaku="9,1,8,1,52,1,54,2" doraHai="44" who="2" fromWho="0" sc="109,-80,277,0,267,80,347,0" /><INIT seed="6,0,0,5,0,55" ten="29,277,347,347" oya="2" hai0="127,76,79,24,93,73,94,0,11,2,43,82,122" hai1="64,33,3,132,116,37,61,111,112,23,91,103,108" hai2="25,119,10,20,17,67,105,27,36,120,13,47,95" hai3="130,46,28,126,45,86,5,124,118,72,54,40,110"/><V21/><F105/><W48/><G110/><T100/><D122/><U9/><E116/><V35/><F120/><W15/><G130/><T31/><D127/><N who="3" m="48681" /><G72/><T41/><D0/><U4/><E112/><V38/><F119/><W84/><G28/><T109/><D109/><U114/><E114/><V8/><F35/><W85/><G118/><T92/><D76/><U51/><E132/><V58/><F38/><N who="3" m="21655" /><G15/><T29/><D29/><U44/><E33/><V52/><F36/><W97/><G97/><T131/><D131/><U75/><E75/><V71/><F71/><W115/><G115/><T6/><D43/><U30/><E37/><V88/><F47/><W65/><G65/><T50/><D50/><U69/><E103/><V80/><F67/><W53/><G53/><T121/><D41/><U78/><E78/><V113/><F113/><W70/><G70/><T96/><REACH who="0" step="1"/><D121/><REACH who="0" ten="19,277,347,347" step="2"/><U26/><REACH who="1" step="1"/><E91/><REACH who="1" ten="19,267,347,347" step="2"/><V42/><F88/><W60/><G46/><T123/><D123/><U14/><E14/><V16/><F13/><W129/><G129/><T34/><AGARI ba="0,2" hai="2,6,11,24,31,34,73,79,82,92,93,94,96,100" machi="34" ten="20,2700,0" yaku="1,1,0,1,7,1,53,0" doraHai="55" doraHaiUra="56" who="0" fromWho="0" sc="19,47,267,-7,347,-13,347,-7" /><INIT seed="7,0,0,3,0,48" ten="66,260,334,340" oya="3" hai0="100,22,128,4,50,70,114,34,38,26,125,85,40" hai1="90,0,96,51,58,25,116,10,42,5,135,11,1" hai2="77,75,127,14,86,102,18,63,6,62,9,94,39" hai3="104,82,124,89,72,76,3,47,15,106,66,73,67"/><W130/><G3/><T8/><D38/><U64/><E135/><V32/><F39/><W23/><G73/><T57/><D70/><U84/><E116/><V105/><F32/><W43/><G106/><T33/><D125/><U83/><E25/><V59/><F127/><W113/><G124/><T68/><D68/><U129/><E129/><V55/><F75/><W87/><G104/><T52/><D128/><U60/><E96/><N who="2" m="59671" /><F105/><W41/><G113/><T98/><D114/><U2/><E42/><N who="3" m="15882" /><G72/><T12/><D40/><U69/><REACH who="1" step="1"/><E5/><REACH who="1" ten="66,250,334,340" step="2"/><V36/><F6/><W131/><G131/><T97/><D97/><U88/><E88/><V133/><F133/><W92/><G130/><T119/><D119/><U112/><E112/><V27/><F27/><W13/><G13/><T74/><D74/><U132/><E132/><V20/><F18/><N who="3" m="10719" /><G92/><T78/><D98/><U109/><E109/><V49/><F36/><W31/><G89/><T99/><D99/><U79/><E79/><V115/><F115/><W121/><G31/><T37/><D37/><U24/><E24/><V91/><F77/><W7/><G7/><T118/><D118/><U103/><E103/><V93/><F91/><W120/><G120/><T56/><D100/><U117/><E117/><V101/><F93/><W123/><G123/><T35/><D78/><U29/><E29/><V122/><F122/><W126/><G121/><T16/><REACH who="0" step="1"/><D85/><REACH who="0" ten="56,250,334,340" step="2"/><U28/><E28/><V111/><F86/><W54/><G126/><T17/><D17/><U21/><E21/><V108/><F101/><W19/><G19/><T80/><D80/><RYUUKYOKU ba="0,2" sc="56,10,250,10,334,-30,340,10" hai0="4,8,12,16,22,26,33,34,35,50,52,56,57" hai1="0,1,2,10,11,51,58,60,64,69,83,84,90" hai3="47,54,66,67,76,82,87" owari="66,-43.4,260,-14.0,304,10.4,370,47.0" /></mjloggm>