<mjloggm ver="2.3"><GO type="169" lobby="0"/><UN n0="%74%61%6E%61%4B%61" n1="%E4%BF%BA%E3%81%A7%E3%81%99" n2="%40%E5%8F%8B%E5%88%A9%E5%A5%88%E7%B7%92%40" n3="%E7%89%8C%E6%B5%81%E7%8A%B6%E6%85%8B%E9%BA%BB%E9%9B%80" dan="18,16,17,17" rate="2201.29,2121.14,2153.14,2235.26" sx="M,M,F,M"/><TAIKYOKU oya="0"/><INIT seed="0,0,0,2,3,20" ten="250,250,250,250" oya="0" hai0="33,132,112,117,134,75,63,59,29,42,77,109,114" hai1="87,103,3,126,105,25,67,131,74,121,93,9,81" hai2="85,12,96,45,50,133,2,92,7,31,19,44,51" hai3="66,71,56,102,83,98,26,91,72,107,28,88,113"/><T124/><D117/><U100/><E121/><V32/><F133/><N who="0" m="51306" /><D124/><U52/><E126/><V130/><F130/><W78/><G113/><T120/><D120/><U118/><E118/><V68/><F68/><W64/><G71/><T62/><D42/><U1/><E74/><V40/><F7/><W23/><REACH who="3" step="1"/><G56/><REACH who="3" ten="250,250,250,240" step="2"/><T18/><D114/><U76/><E131/><V36/><F2/><W99/><G99/><T125/><D112/><U38/><E1/><V15/><F85/><W30/><G30/><T6/><D59/><U57/><E57/><V4/><F31/><W128/><G128/><T110/><D125/><U116/><E116/><V0/><F0/><W49/><G49/><T95/><D29/><U46/><E3/><V94/><F36/><W39/><G39/><T24/><D62/><U8/><E38/><V80/><F96/><W129/><G129/><T89/><D63/><U37/><E37/><V60/><F60/><W41/><G41/><T10/><D110/><U73/><E87/><V119/><F119/><W48/><G48/><T61/><D61/><U65/><E73/><V106/><F40/><W43/><G43/><T16/><D109/><U84/><E84/><V70/><F70/><W101/><G101/><T123/><D75/><U82/><E103/><V122/><F51/><W104/><G104/><T27/><D123/><U53/><E105/><V54/><F106/><W58/><G58/><T135/><D135/><U86/><E100/><V34/><F122/><W14/><G14/><T108/><D108/><U79/><E67/><AGARI ba="0,1" hai="23,26,28,64,66,67,72,78,83,88,91,98,102,107" machi="67" ten="40,5200,0" yaku="1,1,52,1,54,1,53,0" doraHai="20" doraHaiUra="5" who="3" fromWho="1" sc="250,0,250,-52,250,0,240,62" /><INIT seed="1,0,0,0,4,23" ten="250,198,250,302" oya="1" hai0="36,105,111,110,29,12,33,44,46,80,88,50,129" hai1="91,132,56,121,120,124,16,122,81,100,112,102,94" hai2="0,49,134,101,41,55,40,62,123,97,114,34,58" hai3="127,19,84,66,63,103,72,85,1,32,4,69,7"/><U79/><E112/><V74/><F74/><W15/><G72/><T11/><D105/><U60/><E124/><V22/><F34/><W65/><G127/><T82/><D129/><U9/><E132/><V130/><F0/><W78/><G66/><T126/><D126/><U67/><E81/><V135/><F22/><W89/><G103/><T77/><D36/><U14/><REACH who="1" step="1"/><E79/><REACH who="1" ten="250,188,250,302" step="2"/><V99/><F134/><W48/><G78/><T131/><D77/><U96/><AGARI ba="0,1" hai="9,14,16,56,60,67,91,94,96,100,102,120,121,122" machi="96" ten="30,12000,1" yaku="1,1,2,1,0,1,54,1,53,1" doraHai="23" doraHaiUra="93" who="1" fromWho="1" sc="250,-40,188,130,250,-40,302,-40" /><INIT seed="1,1,0,0,0,2" ten="210,318,210,262" oya="1" hai0="87,32,100,110,19,8,12,57,106,104,119,3,0" hai1="54,75,39,115,90,94,70,46,74,18,1,16,131" hai2="120,71,43,112,36,29,96,118,22,111,84,133,73" hai3="66,65,97,27,58,17,63,121,62,5,116,59,6"/><U77/><E115/><V9/><F96/><W67/><G121/><T11/><D110/><U68/><E1/><V114/><F9/><W42/><G116/><T10/><D32/><U37/><E131/><V56/><F84/><W98/><G42/><T105/><D119/><U132/><E132/><V86/><F86/><W113/><G67/><T38/><D38/><U99/><E54/><V124/><F22/><N who="3" m="13775" /><G113/><T128/><D128/><U13/><E18/><V108/><F29/><W30/><G30/><T26/><D26/><U52/><E39/><V15/><F15/><W88/><G98/><T76/><D100/><U80/><E74/><V49/><F73/><W28/><G28/><T93/><D0/><U125/><E125/><V78/><F71/><W127/><G127/><T91/><D3/><U85/><E75/><V79/><F36/><W101/><G101/><T109/><D109/><U92/><E92/><AGARI ba="1,0" hai="5,6,58,59,62,63,65,66,88,92,97" m="13775" machi="92" ten="30,7700,0" yaku="8,1,52,2,54,1" doraHai="2" who="3" fromWho="1" sc="210,0,318,-80,210,0,262,80" /><INIT seed="2,0,0,4,3,49" ten="210,238,210,342" oya="2" hai0="135,112,47,131,77,21,107,54,61,33,27,12,14" hai1="84,72,24,86,76,93,15,103,113,1,121,32,37" hai2="7,13,46,83,18,81,106,96,132,4,120,115,85" hai3="57,73,5,91,108,29,134,50,35,97,100,3,23"/><V20/><F120/><W90/><G35/><T125/><D112/><U105/><E1/><V128/><F128/><W116/><G73/><T45/><D107/><U38/><E15/><N who="0" m="5673" /><D33/><U48/><E24/><V66/><F115/><W69/><G69/><T6/><D6/><U122/><E32/><V39/><F132/><W64/><G108/><T19/><D131/><U11/><E11/><V104/><F83/><W119/><G134/><T78/><D125/><U124/><E124/><V59/><F39/><W102/><G3/><T75/><D75/><U36/><E113/><V80/><F80/><W43/><G5/><T25/><D25/><U110/><E110/><V130/><F46/><N who="0" m="17418" /><D135/><U79/><E105/><V88/><F104/><W71/><G71/><T55/><D61/><U111/><E111/><V101/><REACH who="2" step="1"/><F130/><REACH who="2" ten="210,238,200,342" step="2"/><W16/><G119/><T53/><AGARI ba="0,1" hai="19,21,27,53,54,55,77,78" m="17418,5673" machi="53" ten="30,7900,0" yaku="8,1,52,3" doraHai="49" who="0" fromWho="0" sc="210,89,238,-20,200,-39,342,-20" /><INIT seed="3,0,0,0,2,108" ten="299,218,161,322" oya="3" hai0="71,39,135,40,21,61,7,25,27,16,73,123,47" hai1="95,64,28,132,90,4,5,20,77,113,18,26,109" hai2="75,103,36,78,19,74,72,13,91,114,97,10,0" hai3="128,32,69,112,35,22,67,88,56,58,93,125,106"/><W92/><G106/><T101/><D123/><U80/><E109/><V120/><F120/><W111/><G111/><T68/><D73/><U41/><E132/><V70/><F70/><W100/><G69/><T121/><D121/><U43/><E64/><V17/><F36/><W45/><G45/><T105/><D135/><U76/><E28/><V49/><F0/><W63/><G128/><T14/><D105/><U102/><E102/><V129/><F129/><W96/><G125/><T130/><D101/><U1/><E1/><V34/><F34/><W53/><G22/><T84/><D130/><U29/><E29/><V133/><F133/><W57/><G112/><T122/><D122/><U54/><E54/><V33/><F33/><W118/><G118/><T87/><D71/><U42/><E113/><V51/><F91/><W124/><G56/><T104/><D104/><U38/><E38/><V66/><F78/><N who="1" m="30313" /><E80/><V6/><F66/><W24/><G24/><T48/><D39/><U94/><E94/><V2/><F19/><W15/><G15/><N who="0" m="9375" /><D61/><U83/><E83/><V81/><F81/><W46/><G124/><T55/><D40/><U127/><E127/><V79/><F79/><W107/><G107/><T37/><D37/><U110/><E110/><V52/><F114/><W98/><REACH who="3" step="1"/><G46/><REACH who="3" ten="299,218,161,312" step="2"/><N who="0" m="28055" /><D68/><U62/><E62/><AGARI ba="0,1" hai="32,35,53,57,58,62,63,67,88,92,93,96,98,100" machi="62" ten="30,5800,0" yaku="1,1,7,1,54,1,53,0" doraHai="108" doraHaiUra="23" who="3" fromWho="1" sc="299,0,218,-58,161,0,312,68" /><INIT seed="3,1,0,0,5,25" ten="299,160,161,380" oya="3" hai0="33,83,57,31,46,8,81,93,60,52,62,6,131" hai1="91,95,36,65,35,73,1,97,29,34,118,26,71" hai2="80,22,24,2,127,67,112,129,134,90,12,3,70" hai3="27,49,114,66,125,86,11,76,19,30,40,105,48"/><W17/><G105/><T84/><D131/><U122/><E122/><V44/><F129/><W88/><G114/><T41/><D93/><U101/><E36/><V120/><F112/><W77/><G66/><T32/><D62/><U109/><E109/><V69/><F44/><N who="3" m="25607" /><G49/><T72/><D72/><U116/><E1/><V51/><F51/><W37/><G37/><T126/><D126/><U55/><E73/><V79/><F127/><W7/><G7/><T5/><D5/><U75/><E75/><V104/><F104/><W119/><G119/><N who="1" m="45610" /><E55/><V4/><F90/><W130/><G130/><T132/><D132/><U115/><E115/><V56/><F134/><W28/><G27/><T98/><D98/><U82/><E34/><V23/><F3/><W100/><G100/><T63/><D63/><N who="1" m="40383" /><E82/><V96/><F2/><W68/><G68/><T47/><D83/><U78/><E78/><N who="3" m="30314" /><G125/><T121/><D121/><U103/><AGARI ba="1,0" hai="26,29,35,91,95,97,101,103" m="40383,45610" machi="103" ten="30,2000,0" yaku="12,1,52,1" doraHai="25" who="1" fromWho="1" sc="299,-6,160,23,161,-6,380,-11" /><INIT seed="4,0,0,2,5,95" ten="293,183,155,369" oya="0" hai0="98,24,79,51,1,86,115,26,36,63,22,77,32" hai1="119,43,30,45,102,65,44,83,125,57,25,53,87" hai2="55,113,135,37,66,96,14,105,127,94,101,46,11" hai3="71,131,2,5,9,47,104,117,12,106,120,40,109"/><T58/><D36/><U72/><E119/><V75/><F75/><W107/><G109/><T42/><D1/><U103/><E125/><V0/><F0/><W15/><G117/><T88/><D32/><U8/><E72/><V122/><F122/><W27/><G71/><T16/><D115/><U118/><E65/><V78/><F78/><W128/><G27/><T85/><D26/><U4/><E53/><V52/><F127/><W70/><G70/><T92/><D79/><U129/><E57/><V41/><F135/><W38/><REACH who="3" step="1"/><G120/><REACH who="3" ten="293,183,155,359" step="2"/><T114/><D114/><U134/><E118/><V35/><F113/><W17/><G17/><T89/><D77/><N who="1" m="46575" /><E134/><V54/><F35/><W108/><G108/><T6/><D6/><U61/><E129/><AGARI ba="0,1" hai="2,5,9,12,15,38,40,47,104,106,107,128,129,131" machi="129" ten="50,3200,0" yaku="1,1,19,1,53,0" doraHai="95" doraHaiUra="84" who="3" fromWho="1" sc="293,0,183,-32,155,0,359,42" /><INIT seed="5,0,0,5,2,75" ten="293,151,155,401" oya="1" hai0="12,131,25,39,5,99,70,113,91,81,66,83,4" hai1="72,16,30,27,53,115,13,60,80,26,41,124,84" hai2="122,127,105,64,88,47,31,120,57,2,129,135,15" hai3="67,56,3,79,38,132,110,128,1,134,6,51,28"/><U22/><E115/><V11/><F2/><W119/><G110/><T118/><D118/><U123/><E123/><V100/><F127/><W89/><G38/><T14/><D39/><U126/><E72/><V36/><F129/><W33/><G128/><T49/><D131/><U18/><E41/><V82/><F135/><W93/><G79/><T10/><D70/><U52/><E18/><V32/><F100/><W54/><G67/><T117/><D66/><U20/><E27/><V96/><F96/><N who="3" m="57391" /><G6/><T86/><D113/><U130/><E130/><V116/><F105/><W29/><G119/><T74/><D99/><U69/><E69/><V114/><F31/><N who="3" m="11851" /><G33/><T77/><D25/><U62/><E126/><V50/><F32/><W104/><G104/><T102/><D102/><U71/><E124/><V106/><F36/><W61/><G61/><N who="1" m="23658" /><E71/><V78/><F106/><W95/><G95/><T65/><D65/><U46/><E46/><V43/><F64/><W55/><G55/><T0/><D117/><U48/><E48/><V23/><F114/><W35/><G35/><T87/><D74/><U7/><E7/><V68/><F50/><W8/><G8/><T85/><D4/><U98/><E98/><V21/><F11/><W107/><G107/><T17/><D49/><U73/><E73/><V108/><F68/><W101/><G101/><T63/><D63/><U45/><E45/><V59/><F116/><W24/><G24/><T37/><D37/><U133/><E133/><AGARI ba="0,0" hai="1,3,51,54,56,132,133,134" m="11851,57391" machi="133" ten="30,1000,0" yaku="20,1" doraHai="75" who="3" fromWho="1" sc="293,0,151,-10,155,0,401,10" /><INIT seed="6,0,0,1,4,13" ten="293,141,155,411" oya="2" hai0="52,125,30,28,88,61,84,82,18,127,22,75,99" hai1="35,62,58,117,55,57,107,16,72,93,86,47,102" hai2="37,20,112,114,78,132,130,2,115,104,105,121,60" hai3="49,6,19,123,7,10,131,87,101,46,63,100,50"/><V122/><F2/><W4/><G123/><N who="2" m="47113" /><F37/><W15/><G131/><T43/><D75/><U97/><E117/><V32/><F60/><W39/><G39/><T53/><D43/><U8/><E72/><V51/><F130/><W66/><G87/><T33/><D33/><U110/><E35/><V3/><F3/><W40/><REACH who="3" step="1"/><G49/><REACH who="3" ten="293,141,155,401" step="2"/><T92/><D127/><U9/><E110/><V48/><F132/><W129/><G129/><T64/><D125/><U26/><E86/><V59/><F51/><W74/><G74/><T77/><D28/><U81/><E81/><V68/><F114/><W31/><G31/><T90/><D30/><U71/><E71/><AGARI ba="0,1" hai="4,6,7,10,15,19,40,46,50,63,66,71,100,101" machi="71" ten="40,2600,0" yaku="1,1,52,1,53,0" doraHai="13" doraHaiUra="83" who="3" fromWho="1" sc="293,0,141,-26,155,0,401,36" /><INIT seed="7,0,0,0,5,49" ten="293,115,155,437" oya="3" hai0="3,87,89,7,69,83,12,93,52,26,73,23,37" hai1="57,66,1,107,118,67,91,70,14,54,10,65,22" hai2="43,39,41,28,44,79,27,97,123,100,105,42,55" hai3="108,101,128,114,121,115,94,77,98,71,20,32,11"/><W17/><G32/><T88/><D69/><U33/><E107/><V112/><F79/><W129/><G71/><T34/><D37/><U21/><E33/><V53/><F123/><W120/><G11/><T102/><D3/><U47/><E70/><V5/><F112/><N who="3" m="43051" /><G77/><T99/><D73/><U18/><E118/><V56/><F55/><W111/><G120/><T109/><D109/><N who="3" m="42057" /><G121/><T64/><D64/><U122/><E122/><V36/><F5/><W15/><AGARI ba="0,0" hai="15,17,20,94,98,101,128,129" m="42057,43051" machi="15" ten="40,3900,0" yaku="15,1,10,1" doraHai="49" who="3" fromWho="3" sc="293,-13,115,-13,155,-13,437,39" owari="280,8.0,102,-39.8,142,-25.8,476,57.6" /></mjloggm>