<mjloggm ver="2.3"><GO type="169" lobby="0"/><UN n0="%E5%93%AD%E3%81%8D%E8%99%AB%E2%98%85%E8%8B%BA" n1="%74%61%6E%61%4B%61" n2="%E6%9C%AA%E6%9D%A5%E5%B0%91%E5%B9%B4" n3="%6D%61%74%6F%30%36%30%33" dan="16,18,17,18" rate="2016.63,2199.49,2197.94,2222.32" sx="M,M,M,M"/><TAIKYOKU oya="0"/><INIT seed="0,0,0,5,3,11" ten="250,250,250,250" oya="0" hai0="5,50,128,22,125,92,7,133,31,113,82,62,51" hai1="57,42,118,76,55,27,26,33,85,45,130,108,101" hai2="131,30,32,72,12,17,129,39,21,102,103,64,19" hai3="87,20,35,14,61,0,117,10,8,105,24,38,132"/><T110/><D113/><U23/><E118/><V18/><F39/><W96/><G117/><T53/><D133/><U95/><E108/><V48/><F72/><W67/><G132/><T83/><D125/><U80/><E130/><N who="2" m="49675" /><F64/><W123/><G123/><T25/><D128/><U4/><E4/><N who="0" m="1609" /><D110/><U16/><E101/><N who="2" m="38411" /><F48/><N who="0" m="18474" /><D92/><U6/><E6/><V106/><F106/><W114/><G105/><T122/><D122/><U52/><E95/><V79/><F79/><W49/><G38/><T73/><D73/><U34/><E34/><V99/><F99/><W120/><G35/><T86/><D86/><U119/><E119/><V46/><F46/><W126/><G87/><T104/><D104/><U56/><E42/><V112/><F112/><W90/><G120/><T41/><D41/><U60/><E45/><V69/><F69/><W124/><G114/><T77/><D77/><U127/><E127/><V15/><F32/><W93/><G124/><T58/><AGARI ba="0,0" hai="22,25,31,53,58,62,82,83" m="18474,1609" machi="58" ten="30,1500,0" yaku="8,1" doraHai="11" who="0" fromWho="0" sc="250,15,250,-5,250,-5,250,-5" /><INIT seed="0,1,0,3,2,7" ten="265,245,245,245" oya="0" hai0="110,129,25,105,41,23,38,101,10,65,57,50,95" hai1="58,22,127,19,123,60,86,124,88,82,120,8,125" hai2="42,106,111,59,9,39,69,81,56,36,13,97,107" hai3="100,15,119,85,108,47,91,28,30,121,40,27,104"/><T83/><D105/><U24/><REACH who="1" step="1"/><E8/><REACH who="1" ten="265,235,245,245" step="2"/><V67/><F9/><W96/><G119/><T3/><D10/><U94/><E94/><V103/><F106/><W43/><G121/><T12/><D95/><U77/><E77/><V79/><F107/><W115/><G115/><T93/><D93/><U71/><E71/><V37/><F79/><W2/><G108/><T33/><D110/><U52/><AGARI ba="1,1" hai="19,22,24,52,58,60,82,86,88,120,123,124,125,127" machi="52" ten="30,12000,2" yaku="21,2,0,1,18,1,54,2,53,1" doraHai="7" doraHaiUra="17" who="1" fromWho="1" sc="265,-61,235,133,245,-31,245,-31" /><INIT seed="1,0,0,1,1,2" ten="204,368,214,214" oya="1" hai0="78,89,46,69,63,49,130,86,132,109,23,33,116" hai1="85,48,88,81,111,96,115,75,60,28,37,79,51" hai2="7,97,119,74,32,4,108,20,112,80,55,21,47" hai3="93,36,104,113,126,34,1,44,68,9,15,45,58"/><U19/><E115/><V87/><F119/><W124/><G113/><T98/><D116/><U129/><E37/><V26/><F112/><W133/><G68/><T50/><D33/><U43/><E129/><V62/><F74/><W92/><G104/><T122/><D109/><U120/><E120/><V114/><F114/><W127/><G133/><T59/><D69/><U105/><E28/><V67/><F108/><W90/><G34/><T54/><D132/><U42/><E111/><V3/><F3/><W14/><G1/><T17/><D130/><U35/><E35/><V100/><F32/><W66/><G36/><T18/><D122/><U121/><E121/><V131/><F55/><W77/><G77/><T102/><D78/><U72/><E72/><V29/><F20/><W57/><G66/><T27/><D17/><U0/><E0/><V117/><F47/><N who="3" m="17995" /><G90/><T39/><D39/><U101/><E60/><V73/><F73/><W94/><G9/><T76/><D76/><U31/><E19/><V16/><F29/><W95/><G95/><N who="0" m="58719" /><D46/><U30/><E30/><V123/><F123/><W107/><G107/><T134/><D134/><U70/><E70/><V53/><F53/><W71/><G71/><T99/><D99/><U135/><E31/><V52/><F67/><W106/><G106/><T118/><D118/><U5/><E135/><V64/><F64/><W61/><G61/><T41/><D41/><N who="1" m="15371" /><E75/><V65/><F131/><W56/><AGARI ba="0,0" hai="14,15,56,57,58,92,93,94,124,126,127" m="17995" machi="56" ten="40,8000,1" yaku="29,2,28,2,18,1" doraHai="2" who="3" fromWho="3" sc="204,-20,368,-40,214,-20,214,80" /><INIT seed="2,0,0,2,2,129" ten="184,328,194,294" oya="2" hai0="105,104,134,121,128,9,1,61,58,13,12,66,36" hai1="86,29,37,57,50,117,59,45,79,67,10,39,122" hai2="91,110,53,72,120,54,34,126,35,123,70,99,38" hai3="24,51,87,114,68,111,125,89,8,95,0,21,102"/><V25/><F72/><W64/><G111/><T118/><D121/><U11/><E122/><V2/><F70/><W31/><G125/><T133/><D36/><U108/><E108/><V16/><F38/><W65/><G114/><T52/><D128/><U33/><E117/><V81/><F2/><W94/><G68/><T41/><D41/><U112/><E112/><V49/><F110/><W73/><G73/><T106/><D118/><U119/><E119/><V14/><F126/><W115/><G115/><T63/><D1/><U55/><E29/><V46/><F53/><W22/><G22/><T74/><D74/><U42/><E33/><V7/><F7/><W60/><G60/><T6/><REACH who="0" step="1"/><D13/><REACH who="0" ten="174,328,194,294" step="2"/><U109/><E37/><V17/><F123/><W132/><G0/><T26/><D26/><U27/><E27/><V28/><F120/><W85/><G24/><T32/><D32/><U15/><E15/><V48/><F35/><W131/><G131/><T98/><D98/><U107/><E109/><V130/><F130/><W69/><G85/><T40/><D40/><U78/><E86/><V23/><F34/><W19/><G87/><T30/><D30/><U100/><E39/><V97/><F28/><W124/><G31/><T3/><D3/><U47/><E42/><V62/><F14/><W44/><G124/><T75/><D75/><U4/><E79/><V103/><F99/><W77/><G77/><T116/><D116/><U127/><E78/><V82/><F97/><W76/><G76/><T18/><D18/><U43/><E127/><V92/><F17/><W84/><G19/><RYUUKYOKU ba="0,1" sc="174,30,328,-10,194,-10,294,-10" hai0="6,9,12,52,58,61,63,66,104,105,106,133,134" /><INIT seed="3,1,1,1,0,88" ten="204,318,184,284" oya="3" hai0="58,86,22,34,77,114,7,29,125,28,47,116,6" hai1="89,0,71,33,69,52,124,95,56,60,40,131,42" hai2="91,134,65,44,48,54,30,41,14,98,57,55,81" hai3="3,111,99,79,133,106,21,76,32,39,18,105,53"/><W73/><G32/><T2/><D34/><U135/><E0/><V24/><F134/><W120/><G120/><T110/><D116/><U13/><E33/><V45/><F65/><W101/><G3/><T27/><D110/><U108/><E108/><V8/><F41/><W117/><G117/><T129/><D125/><U93/><E135/><V122/><F122/><W37/><G111/><T123/><D123/><U38/><E124/><V85/><F55/><W23/><G133/><T100/><D29/><U10/><E131/><V90/><F90/><W82/><G53/><T104/><D129/><U25/><E25/><V132/><F98/><W78/><G106/><T72/><D72/><U103/><E103/><V115/><F115/><W26/><REACH who="3" step="1"/><G23/><REACH who="3" ten="204,318,184,274" step="2"/><T119/><D2/><U102/><E38/><AGARI ba="1,2" hai="18,21,26,37,38,39,73,76,78,79,82,99,101,105" machi="38" ten="40,3900,0" yaku="1,1,2,1,53,0" doraHai="88" doraHaiUra="11" who="3" fromWho="1" sc="204,0,318,-42,184,0,274,62" /><INIT seed="3,2,0,1,0,73" ten="204,276,184,336" oya="3" hai0="20,111,58,135,34,7,37,12,0,31,9,103,100" hai1="97,66,78,42,101,104,87,90,64,105,46,106,124" hai2="108,17,122,57,27,116,40,30,3,32,54,112,70" hai3="35,98,94,130,86,99,14,24,29,22,127,109,23"/><W114/><G114/><T2/><D37/><U15/><E124/><V89/><F112/><W51/><G127/><T8/><D111/><U80/><E15/><V81/><F81/><W125/><BYE who="2" /><G125/><UN n2="%E6%9C%AA%E6%9D%A5%E5%B0%91%E5%B9%B4" /><T33/><D58/><U71/><E90/><V92/><F116/><W123/><G123/><T10/><D103/><U21/><E21/><V4/><F70/><W47/><G109/><T79/><D100/><U115/><E115/><V134/><F108/><W45/><G130/><T93/><D93/><U63/><REACH who="1" step="1"/><E66/><REACH who="1" ten="204,266,184,336" step="2"/><V113/><F89/><W19/><G23/><T18/><D135/><U118/><E118/><V110/><F134/><W28/><G14/><T60/><D79/><U48/><AGARI ba="2,1" hai="42,46,48,63,64,71,78,80,87,97,101,104,105,106" machi="48" ten="20,5200,0" yaku="1,1,0,1,7,1,52,1,53,0" doraHai="73" doraHaiUra="6" who="1" fromWho="1" sc="204,-15,266,68,184,-15,336,-28" /><INIT seed="4,0,0,1,4,51" ten="189,334,169,308" oya="0" hai0="75,128,52,57,11,76,112,22,103,65,53,68,2" hai1="40,60,109,101,10,14,59,117,1,92,4,71,82" hai2="96,32,133,108,49,30,102,44,35,80,114,24,62" hai3="34,132,33,43,121,98,113,78,7,28,123,61,79"/><T69/><D112/><U93/><E109/><V16/><F108/><W31/><G113/><T50/><D103/><U87/><E71/><V88/><F114/><W9/><G43/><T105/><D105/><U39/><E117/><V17/><F133/><W85/><G98/><T94/><D65/><U118/><E118/><V48/><F32/><N who="3" m="12395" /><G61/><T86/><D75/><U20/><E101/><V104/><F62/><W21/><G85/><T84/><D84/><U91/><E40/><V41/><REACH who="2" step="1"/><F48/><REACH who="2" ten="189,334,159,308" step="2"/><W135/><G135/><T127/><D50/><U5/><E39/><V8/><F8/><W99/><G9/><T67/><D11/><U37/><E37/><V23/><F23/><W120/><G21/><T97/><D22/><U25/><E4/><V134/><F134/><W122/><G132/><T107/><D127/><U45/><E1/><V56/><F56/><W29/><G121/><T116/><D57/><U77/><E45/><V19/><F19/><W130/><G7/><T47/><D2/><U64/><E20/><V3/><F3/><W81/><G122/><T73/><D47/><U54/><E10/><V26/><F26/><W90/><G123/><T27/><D27/><U126/><E25/><V36/><F36/><W70/><G120/><T111/><D116/><U131/><E5/><V95/><F95/><W124/><G124/><T0/><D0/><U129/><E93/><V72/><F72/><W58/><G58/><T6/><D94/><U63/><E126/><V18/><F18/><W55/><G31/><T13/><D6/><U15/><E63/><V42/><F42/><RYUUKYOKU ba="0,1" sc="189,-10,334,-10,159,30,308,-10" hai2="16,17,24,30,35,41,44,49,80,88,96,102,104" /><INIT seed="5,1,1,2,4,30" ten="179,324,189,298" oya="1" hai0="66,21,90,124,135,115,108,120,99,1,49,2,0" hai1="87,119,26,126,111,121,130,60,58,11,84,128,53" hai2="59,113,129,109,89,80,134,8,75,81,132,40,94" hai3="31,85,86,65,16,36,52,62,83,46,68,39,45"/><U106/><E121/><V98/><F109/><W34/><G16/><T95/><D108/><U7/><E119/><V28/><F129/><N who="1" m="49769" /><E126/><V5/><F113/><W116/><G116/><T6/><D135/><N who="2" m="51754" /><F40/><W105/><G105/><T96/><D124/><U102/><E111/><V114/><F75/><W29/><G85/><T70/><D115/><U56/><E26/><V51/><F28/><W55/><G31/><T104/><D120/><U117/><E117/><V54/><F114/><W91/><G46/><T19/><D49/><U92/><E106/><V125/><F125/><W57/><G45/><T10/><D104/><U18/><E18/><V122/><F122/><W15/><G15/><AGARI ba="1,1" hai="5,8,15,51,54,59,80,81,89,94,98" m="51754" machi="15" ten="30,1000,0" yaku="20,1" doraHai="30" who="2" fromWho="3" sc="179,0,324,0,189,23,298,-13" /><INIT seed="6,0,0,4,2,3" ten="179,324,212,285" oya="2" hai0="18,123,14,41,118,102,59,107,83,110,52,125,44" hai1="38,104,9,4,1,103,50,22,20,63,111,129,95" hai2="105,43,31,81,13,49,93,113,134,106,70,15,17" hai3="46,62,0,109,32,71,34,91,135,73,121,45,115"/><V96/><F70/><W101/><G109/><T53/><D110/><U25/><E111/><V40/><F113/><W12/><G0/><T19/><D123/><U21/><E38/><V39/><F39/><W28/><G73/><T23/><D125/><U57/><E129/><V87/><F134/><W119/><G101/><T7/><D118/><U94/><E50/><V86/><F31/><W60/><G12/><T117/><D117/><U47/><E47/><V27/><F106/><W100/><G100/><T51/><D53/><U68/><E68/><V24/><F105/><W84/><G71/><T99/><D83/><U90/><E104/><V128/><F13/><W122/><G28/><T85/><D85/><N who="2" m="32266" /><F81/><W114/><G84/><T33/><D33/><U65/><E90/><N who="2" m="55351" /><F128/><W35/><G35/><T77/><D77/><U78/><E78/><V29/><F29/><W56/><G119/><T133/><D133/><U130/><E130/><V42/><F49/><W8/><G135/><T75/><D75/><U64/><E95/><V69/><F69/><W6/><G34/><T11/><REACH who="0" step="1"/><D23/><AGARI ba="0,0" hai="15,17,23,24,27,40,42,43" m="55351,32266" machi="23" ten="30,1500,0" yaku="8,1" doraHai="3" who="2" fromWho="0" sc="179,-15,324,0,212,15,285,0" /><INIT seed="6,1,0,0,2,113" ten="164,324,227,285" oya="2" hai0="23,19,117,94,92,74,10,21,55,123,102,118,28" hai1="36,53,40,115,67,68,16,104,101,126,30,64,35" hai2="85,130,59,66,77,121,83,14,54,111,116,63,51" hai3="31,39,22,4,70,96,20,12,69,80,125,11,7"/><V109/><F116/><N who="0" m="44650" /><D123/><U134/><E134/><V95/><F121/><W76/><G125/><T135/><D74/><U122/><E115/><V49/><F130/><W124/><G124/><T33/><D135/><U103/><E40/><V110/><F14/><W128/><G128/><T87/><D33/><U48/><E36/><V131/><F131/><W71/><G71/><T75/><D75/><U37/><E37/><V61/><REACH who="2" step="1"/><F95/><REACH who="2" ten="164,324,217,285" step="2"/><W13/><G13/><N who="0" m="7607" /><D28/><U24/><E30/><V127/><F127/><W93/><G31/><T1/><D1/><U114/><E126/><V84/><F84/><W97/><G12/><T81/><D55/><U32/><E53/><V88/><F88/><W41/><G76/><N who="0" m="46503" /><D94/><U108/><E122/><V34/><F34/><W0/><G93/><T42/><D42/><U15/><E32/><V129/><F129/><W119/><G41/><T99/><AGARI ba="1,1" hai="21,23,92,99,102" m="46503,7607,44650" machi="99" ten="30,7900,0" yaku="12,1,52,3" doraHai="113" who="0" fromWho="0" sc="164,92,324,-21,217,-40,285,-21" /><INIT seed="7,0,0,2,1,103" ten="256,303,177,264" oya="3" hai0="6,68,24,118,42,83,89,2,57,102,125,13,108" hai1="78,98,8,127,110,61,134,53,81,106,129,52,123" hai2="117,70,17,40,33,18,45,105,55,5,120,49,21" hai3="47,133,104,20,66,43,85,86,99,36,10,101,96"/><W73/><G73/><T29/><D108/><U124/><E110/><V90/><F117/><W116/><G116/><T54/><D118/><U126/><E134/><V121/><F70/><W113/><G133/><T11/><D68/><U63/><E129/><V4/><F33/><W119/><G119/><T9/><D42/><U132/><E132/><V64/><F64/><W69/><G113/><T112/><D102/><N who="1" m="62807" /><E8/><V3/><F3/><W111/><BYE who="2" /><G111/><T131/><D125/><U135/><E123/><V65/><F65/><W128/><G99/><T97/><D131/><U71/><E135/><V100/><F100/><W39/><G39/><T23/><D112/><U107/><E107/><V50/><F50/><W22/><G10/><N who="0" m="4311" /><D2/><UN n2="%E6%9C%AA%E6%9D%A5%E5%B0%91%E5%B9%B4" /><U31/><E31/><V72/><F72/><W84/><G128/><T38/><D38/><U44/><E71/><V114/><F114/><W122/><G122/><T27/><D27/><U76/><E76/><V80/><F105/><W12/><G12/><T1/><D1/><U25/><E25/><V95/><F80/><W87/><N who="3" m="21504" /><DORA hai="60" /><W34/><G34/><T46/><D83/><U14/><E14/><N who="2" m="9399" /><F18/><W59/><G69/><T91/><D46/><U48/><E53/><V82/><F82/><W93/><G104/><T77/><D77/><U7/><E7/><N who="2" m="2635" /><F55/><W35/><G35/><T130/><D130/><U56/><E44/><V28/><F28/><W62/><AGARI ba="0,0" hai="20,22,36,43,47,59,62,66,93,96,101" m="21504" machi="62" ten="40,3900,0" yaku="0,1,52,1" doraHai="103,60" who="3" fromWho="3" sc="256,-13,303,-13,177,-13,264,39" owari="243,-15.7,290,9.0,164,-33.6,303,40.3" /></mjloggm>