<mjloggm ver="2.3"><GO type="169" lobby="0"/><UN n0="%6D%79%6D%65%6C%6F%58%58" n1="%E5%A4%8F%E7%9B%AE" n2="%6B%75%73%73%79" n3="%E3%81%8B%E3%81%B6%E8%8C%B6" dan="16,16,17,16" rate="2098.93,2191.57,2178.37,2116.22" sx="F,M,M,M"/><TAIKYOKU oya="0"/><INIT seed="0,0,0,0,4,105" ten="250,250,250,250" oya="0" hai0="101,109,43,6,73,34,91,5,132,123,76,13,64" hai1="10,24,87,92,98,79,51,119,124,19,82,21,63" hai2="32,115,70,15,47,131,61,134,9,59,31,33,0" hai3="84,7,26,88,78,111,68,108,69,44,49,46,118"/><T125/><D123/><U126/><E119/><V71/><F115/><W28/><G118/><T36/><D34/><U104/><E104/><V58/><F0/><W117/><G7/><T107/><D64/><U30/><E51/><V77/><F131/><W22/><G78/><T54/><D54/><U96/><E96/><V112/><F112/><W133/><G133/><T89/><D132/><U90/><E10/><V8/><F134/><W11/><G11/><T60/><D60/><U122/><E122/><V66/><F77/><W121/><G117/><T37/><D13/><U4/><E4/><V93/><F47/><W12/><G12/><T45/><D37/><U40/><E40/><V72/><F72/><W95/><G44/><T120/><D120/><U18/><REACH who="1" step="1"/><E63/><REACH who="1" ten="250,240,250,250" step="2"/><V114/><F114/><W2/><G121/><T113/><D113/><U116/><E116/><V135/><F135/><W75/><G2/><T110/><D6/><U1/><E1/><V3/><F3/><W99/><G99/><N who="0" m="61887" /><D5/><U16/><AGARI ba="0,1" hai="16,18,19,21,24,30,79,82,87,90,92,98,124,126" machi="16" ten="30,4000,0" yaku="1,1,0,1,54,1,53,0" doraHai="105" doraHaiUra="38" who="1" fromWho="1" sc="250,-20,240,50,250,-10,250,-10" /><INIT seed="1,0,0,4,4,84" ten="230,290,240,240" oya="1" hai0="62,13,90,132,20,93,66,117,42,83,27,71,52" hai1="116,91,12,38,100,32,58,57,94,128,89,115,46" hai2="41,10,53,104,119,133,86,40,92,44,134,80,125" hai3="111,127,121,36,47,103,21,95,96,9,130,65,24"/><U101/><E115/><V123/><F119/><W102/><G121/><T6/><D117/><U74/><E74/><V33/><F104/><W124/><G111/><T22/><D132/><U112/><E32/><V49/><F123/><W106/><G130/><T31/><D42/><U17/><E116/><V75/><F33/><W98/><G9/><T131/><D131/><U73/><E73/><V48/><F125/><W2/><G2/><T18/><D6/><U129/><E112/><V35/><F35/><W28/><G36/><T15/><D83/><U61/><E129/><V45/><F75/><W1/><G1/><T8/><D52/><N who="1" m="33959" /><E38/><V77/><F92/><W82/><G47/><T19/><REACH who="0" step="1"/><D93/><REACH who="0" ten="220,290,240,240" step="2"/><U0/><E128/><V29/><F134/><W56/><REACH who="3" step="1"/><G82/><REACH who="3" ten="220,290,240,230" step="2"/><T3/><D3/><U118/><E0/><V26/><F133/><W7/><G7/><T68/><D68/><U122/><E118/><V72/><F80/><W135/><G135/><T23/><D23/><U34/><E122/><V5/><F5/><W51/><G51/><T99/><D99/><U107/><E34/><V67/><F49/><W14/><G14/><T59/><D59/><U39/><E58/><V43/><F48/><W70/><G70/><T60/><D60/><AGARI ba="0,2" hai="21,24,28,56,60,65,95,96,98,102,103,106,124,127" machi="60" ten="40,5200,0" yaku="1,1,25,2,53,0" doraHai="84" doraHaiUra="64" who="3" fromWho="0" sc="220,-52,290,0,240,0,230,72" /><INIT seed="2,0,0,0,4,98" ten="168,290,240,302" oya="2" hai0="112,55,65,6,94,89,1,77,84,72,120,12,128" hai1="48,15,13,99,36,62,14,81,91,32,51,76,52" hai2="114,16,56,127,23,66,3,79,40,83,30,39,125" hai3="132,73,18,54,17,129,85,60,118,42,78,44,58"/><V126/><F114/><W106/><G118/><T11/><D120/><U2/><E2/><V38/><F3/><W86/><G129/><T68/><D128/><U124/><E36/><V101/><F30/><W7/><G132/><T107/><D112/><U119/><E32/><V75/><F40/><W49/><G106/><T103/><D55/><U87/><E124/><V102/><F39/><W34/><G34/><T108/><D108/><U0/><E0/><V104/><F104/><W131/><G131/><T117/><D1/><U35/><E35/><V27/><F38/><W64/><G7/><T71/><D65/><U135/><E135/><V45/><F45/><W29/><G29/><T59/><D59/><N who="1" m="35175" /><E119/><V115/><F115/><W22/><G73/><T90/><D90/><U113/><E113/><V100/><F56/><N who="3" m="36871" /><G17/><T88/><D89/><U96/><E91/><V8/><F66/><W116/><G78/><T25/><D25/><U105/><E105/><V46/><F46/><W24/><G116/><T50/><D50/><AGARI ba="0,0" hai="13,14,15,48,50,51,76,81,87,96,99" m="35175" machi="50" ten="30,2000,0" yaku="8,1,54,1" doraHai="98" who="1" fromWho="0" sc="168,-20,290,20,240,0,302,0" /><AGARI ba="0,0" hai="18,22,24,42,44,49,50,54,58,85,86" m="36871" machi="50" ten="30,1000,0" yaku="8,1" doraHai="98" who="3" fromWho="0" sc="148,-10,310,0,240,0,302,10" /><INIT seed="3,0,0,1,3,69" ten="138,310,240,312" oya="3" hai0="34,132,20,74,117,73,6,49,61,118,43,90,5" hai1="31,135,111,87,78,130,28,76,21,7,108,33,98" hai2="115,45,126,29,122,88,42,121,86,95,70,103,11" hai3="82,105,40,133,62,26,67,18,24,59,52,123,36"/><W120/><G105/><T55/><D34/><U12/><E33/><V99/><F115/><W58/><G133/><T32/><D32/><U44/><E135/><V134/><F134/><W79/><G26/><T129/><D132/><U17/><E130/><V119/><F70/><W102/><G102/><T75/><D129/><U131/><E131/><V35/><F119/><W19/><G19/><T92/><D43/><U56/><E7/><V128/><F128/><W112/><G112/><T89/><D61/><U80/><E78/><V63/><F63/><W46/><G18/><T14/><D6/><U72/><E72/><V101/><F126/><W66/><G24/><T110/><D110/><N who="1" m="42027" /><E56/><V16/><F29/><W57/><G57/><T68/><D68/><U13/><E13/><N who="2" m="7231" /><F35/><W27/><G27/><T2/><D2/><U124/><E124/><V84/><F101/><W39/><G39/><T125/><D125/><U116/><E116/><V47/><F47/><W77/><G77/><T83/><D118/><U37/><E98/><V23/><F23/><W81/><G81/><T10/><D20/><U94/><E94/><V4/><F4/><W54/><G54/><T96/><D117/><U1/><E1/><V50/><F103/><W71/><G59/><N who="0" m="33263" /><D83/><U48/><E37/><V53/><F53/><AGARI ba="0,0" hai="12,17,21,28,31,44,48,53,76,80,87" m="42027" machi="53" ten="30,1000,0" yaku="14,1" doraHai="69" who="1" fromWho="2" sc="138,0,310,10,240,-10,312,0" /><INIT seed="4,0,0,3,3,19" ten="138,320,230,312" oya="0" hai0="86,93,115,31,59,77,134,58,26,108,0,135,88" hai1="39,127,79,96,76,97,4,10,130,13,5,45,103" hai2="33,72,91,37,124,34,74,17,82,1,61,32,100" hai3="99,15,84,85,27,90,83,120,111,2,7,12,29"/><T56/><D115/><U102/><E130/><V43/><F1/><W118/><G111/><T8/><D108/><U71/><E71/><V123/><F123/><W20/><G118/><T30/><D77/><N who="1" m="29771" /><E39/><V6/><F6/><W119/><G119/><T22/><REACH who="0" step="1"/><D31/><REACH who="0" ten="128,320,230,312" step="2"/><U51/><E127/><V87/><F124/><W98/><G29/><T57/><N who="0" m="14336" /><DORA hai="112" /><T40/><D40/><N who="1" m="24999" /><E4/><AGARI ba="0,1" hai="0,4,8,22,26,30,86,88,93,134,135" m="14336" machi="4" ten="50,12000,1" yaku="1,1,52,1,54,1,53,1" doraHai="19,112" doraHaiUra="18,73" who="0" fromWho="1" sc="128,130,320,-120,230,0,312,0" /><INIT seed="4,1,0,0,3,22" ten="258,200,230,312" oya="0" hai0="14,8,37,60,3,2,76,28,27,42,125,111,53" hai1="102,59,36,24,96,45,41,95,61,122,85,6,84" hai2="100,77,10,86,126,26,81,5,17,48,54,44,21" hai3="56,0,63,7,112,106,99,120,9,98,33,117,133"/><T134/><D76/><U62/><E122/><V129/><F129/><W131/><G117/><T93/><D134/><U94/><E6/><V119/><F119/><W43/><G131/><T92/><D125/><U73/><E73/><V79/><F126/><W128/><G128/><T121/><D121/><U38/><E38/><V71/><F71/><W80/><G33/><T46/><D111/><U51/><E36/><V123/><F123/><W127/><G127/><T105/><D105/><U135/><E135/><V1/><F100/><W30/><G133/><T39/><D39/><U13/><E13/><V87/><REACH who="2" step="1"/><F77/><REACH who="2" ten="258,200,220,312" step="2"/><W15/><G120/><T130/><D130/><U47/><E47/><V49/><F49/><W58/><G58/><T107/><D107/><U108/><E108/><V40/><F40/><W20/><G56/><T101/><D101/><U124/><E124/><V75/><AGARI ba="1,1" hai="1,5,10,17,21,26,44,48,54,75,79,81,86,87" machi="75" ten="20,8000,1" yaku="1,1,0,1,7,1,52,1,53,1" doraHai="22" doraHaiUra="4" who="2" fromWho="2" sc="258,-41,200,-21,220,93,312,-21" /><INIT seed="5,0,0,5,1,29" ten="217,179,313,291" oya="1" hai0="86,94,96,32,84,91,105,118,119,23,62,116,43" hai1="129,113,27,132,7,111,71,89,109,58,53,2,25" hai2="114,127,76,83,120,60,77,85,54,97,93,100,87" hai3="73,35,63,4,8,133,45,102,56,52,110,79,50"/><U47/><E113/><V74/><F120/><W65/><G133/><T78/><D43/><U67/><E132/><V22/><F22/><W61/><G110/><N who="1" m="41994" /><E129/><V17/><F17/><W122/><G122/><T26/><D105/><U125/><E125/><V37/><F37/><W98/><G73/><T38/><D38/><U126/><E126/><V80/><F127/><W51/><G79/><T106/><D106/><U9/><E47/><V42/><F42/><W57/><G35/><T5/><D5/><U128/><E128/><V55/><F114/><W104/><REACH who="3" step="1"/><G45/><REACH who="3" ten="217,179,313,281" step="2"/><T30/><D78/><U130/><E130/><V14/><F74/><W44/><G44/><T40/><D40/><U135/><E135/><V19/><REACH who="2" step="1"/><F60/><REACH who="2" ten="217,179,303,281" step="2"/><W95/><G95/><T69/><D32/><U33/><E33/><V82/><F82/><W12/><AGARI ba="0,2" hai="4,8,12,50,51,52,56,57,61,63,65,98,102,104" machi="12" ten="20,5200,0" yaku="1,1,0,1,7,1,54,1,53,0" doraHai="29" doraHaiUra="36" who="3" fromWho="3" sc="217,-13,179,-26,303,-13,281,72" /><INIT seed="6,0,0,0,3,7" ten="204,153,290,353" oya="2" hai0="82,110,102,73,32,98,133,17,59,25,128,78,60" hai1="20,119,135,36,42,10,120,90,54,44,22,86,9" hai2="95,106,116,125,2,16,114,99,40,30,126,19,53" hai3="108,23,80,37,74,8,97,34,3,61,68,118,100"/><V67/><F116/><W76/><G23/><N who="1" m="8746" /><E36/><V92/><F30/><W129/><G108/><T83/><D110/><U93/><E119/><V5/><F114/><W33/><G129/><T81/><D128/><U63/><E135/><V104/><F40/><W79/><G79/><T71/><D17/><U47/><E120/><V112/><F112/><W111/><G111/><T69/><D133/><U39/><E39/><V27/><F67/><N who="3" m="41071" /><G37/><T46/><D46/><N who="1" m="17451" /><E42/><V134/><F134/><W91/><G91/><T66/><D59/><AGARI ba="0,0" hai="9,10,54,59,63,86,90,93" m="17451,8746" machi="59" ten="30,3900,0" yaku="8,1,52,2" doraHai="7" who="1" fromWho="0" sc="204,-39,153,39,290,0,353,0" /><INIT seed="7,0,0,5,1,53" ten="165,192,290,353" oya="3" hai0="2,114,6,26,115,45,78,102,25,122,133,100,0" hai1="97,29,91,17,110,21,86,36,117,75,65,129,43" hai2="135,62,72,8,128,76,57,77,125,98,101,112,105" hai3="132,79,131,81,39,19,27,59,103,60,1,74,55"/><W24/><G39/><T93/><D122/><U89/><E110/><V3/><F112/><N who="0" m="43050" /><D78/><U63/><E75/><V123/><F123/><W124/><G1/><N who="0" m="619" /><D6/><U7/><E7/><V12/><F3/><W104/><G131/><T106/><D106/><U50/><E129/><V28/><F128/><W56/><G103/><N who="0" m="39467" /><D93/><N who="1" m="56511" /><E36/><V41/><F125/><W15/><G124/><T10/><D10/><U108/><E108/><V51/><F72/><W32/><G104/><T4/><D4/><U109/><E109/><V20/><F135/><W68/><G132/><T80/><D133/><U22/><E117/><V37/><F37/><W96/><G96/><T127/><D127/><U40/><E29/><V54/><F8/><W66/><G79/><T134/><D134/><U120/><E120/><V31/><F31/><W11/><G81/><T14/><D14/><U38/><E38/><V111/><F111/><W47/><G15/><T30/><D80/><N who="1" m="49351" /><E17/><V70/><F12/><W23/><G19/><T44/><D26/><U87/><E87/><V35/><F20/><N who="1" m="7785" /><E50/><V82/><F82/><W94/><G23/><T118/><D118/><U5/><E5/><V9/><F9/><W107/><G11/><T52/><D52/><U130/><E130/><V13/><F13/><W48/><G55/><T73/><D73/><U95/><E95/><V34/><F77/><W61/><G74/><T46/><D25/><U126/><E126/><V113/><F76/><W42/><G24/><T83/><D83/><U16/><E16/><V71/><F113/><W49/><G27/><T33/><D33/><U88/><E88/><RYUUKYOKU ba="0,0" sc="165,15,192,15,290,-15,353,-15" hai0="30,44,45,46" hai1="40,43,63,65" owari="180,-32.0,207,-19.3,275,7.5,338,43.8" /></mjloggm>