<mjloggm ver="2.3"><GO type="169" lobby="0"/><UN n0="%E7%8C%AA%E7%8B%A9%E5%AE%88" n1="%52%65%63%61%6C%74%71" n2="%70%61%77%61" n3="%E3%82%B5%E3%83%95%E3%82%A9%E3%83%BC%E3%82%AF%E3%81%AE%E7%94%BA" dan="17,16,19,16" rate="2194.02,2093.64,2277.86,2157.86" sx="M,M,M,M"/><TAIKYOKU oya="0"/><INIT seed="0,0,0,0,4,10" ten="250,250,250,250" oya="0" hai0="65,31,106,68,28,113,110,4,49,85,21,108,14" hai1="74,56,63,59,5,99,82,55,37,100,16,0,44" hai2="19,34,125,91,67,50,60,96,121,51,70,130,77" hai3="105,134,41,18,27,45,7,84,123,90,76,35,102"/><T97/><D113/><U1/><E37/><V40/><F121/><W122/><G134/><T6/><D49/><U86/><E74/><V131/><F34/><W73/><G7/><T88/><D65/><U13/><E5/><V104/><F125/><W127/><G127/><T26/><D68/><U3/><E44/><V72/><F40/><W129/><G129/><T83/><D31/><U11/><E59/><V87/><F77/><W38/><G76/><T57/><D57/><U116/><E116/><V8/><F72/><W53/><G73/><T98/><D4/><U101/><REACH who="1" step="1"/><E99/><REACH who="1" ten="250,240,250,250" step="2"/><V2/><F96/><W71/><G45/><T89/><D106/><U58/><E58/><V119/><F119/><W66/><G38/><T95/><REACH who="0" step="1"/><D98/><REACH who="0" ten="240,240,250,250" step="2"/><U103/><E103/><V9/><F131/><W94/><G102/><T62/><D62/><U120/><E120/><V42/><F60/><W64/><G105/><T23/><D23/><U20/><E20/><V78/><F104/><W114/><G122/><T107/><D107/><U132/><E132/><V126/><F130/><W128/><G123/><T46/><D46/><U15/><E15/><V48/><F126/><W47/><G128/><T93/><D93/><U79/><AGARI ba="0,2" hai="0,1,3,11,13,16,55,56,63,79,82,86,100,101" machi="79" ten="30,7900,0" yaku="1,1,0,1,52,1,54,1,53,0" doraHai="10" doraHaiUra="61" who="1" fromWho="1" sc="240,-39,240,99,250,-20,250,-20" /><INIT seed="1,0,0,3,5,64" ten="201,339,230,230" oya="1" hai0="51,90,67,33,94,106,83,93,58,78,108,131,34" hai1="111,35,86,92,89,22,104,8,103,73,134,4,6" hai2="80,96,41,81,69,113,20,125,32,105,77,45,101" hai3="91,126,118,120,59,63,19,3,14,102,85,50,132"/><U5/><E35/><V72/><F125/><W37/><G37/><T65/><D106/><U2/><E134/><V28/><F113/><W109/><G3/><T23/><D108/><U46/><E111/><V18/><F81/><W60/><G120/><T112/><D112/><U52/><E73/><V25/><F69/><W31/><G109/><T66/><D131/><U11/><E22/><V55/><F55/><W128/><G118/><T95/><D23/><U42/><E52/><V79/><F79/><W43/><G128/><T127/><D127/><U38/><E104/><V53/><F53/><W121/><G121/><T36/><D36/><U87/><E103/><V114/><F114/><W10/><G132/><T17/><D51/><U74/><E74/><V115/><F115/><W88/><G31/><T13/><D90/><U40/><E40/><V135/><F135/><W82/><G102/><T57/><D17/><U98/><REACH who="1" step="1"/><E4/><REACH who="1" ten="201,329,230,230" step="2"/><V116/><F32/><W99/><G126/><T1/><D33/><U129/><E129/><V16/><REACH who="2" step="1"/><F116/><REACH who="2" ten="201,329,220,230" step="2"/><W12/><G43/><T97/><D34/><U48/><E48/><AGARI ba="0,2" hai="16,18,20,25,28,41,45,48,72,77,80,96,101,105" machi="48" ten="30,7700,0" yaku="1,1,2,1,7,1,54,1,53,0" doraHai="64" doraHaiUra="29" who="2" fromWho="1" sc="201,0,329,-77,220,97,230,0" /><INIT seed="2,0,0,1,4,121" ten="201,252,317,230" oya="2" hai0="33,49,39,61,123,101,41,13,103,14,38,29,36" hai1="19,21,115,90,86,1,99,124,40,11,65,95,53" hai2="67,0,134,46,82,16,73,18,119,58,47,22,94" hai3="23,63,80,27,117,83,69,132,135,62,28,127,12"/><V107/><F119/><W89/><G117/><T109/><D123/><U26/><E115/><V6/><F107/><W106/><G106/><T76/><D76/><U68/><E124/><V85/><F134/><N who="3" m="51243" /><G127/><T72/><D72/><U50/><E40/><V108/><F73/><W75/><G69/><T60/><D29/><U114/><E114/><V7/><F94/><W34/><G34/><T93/><D33/><U32/><E32/><V77/><F18/><W104/><G104/><T55/><D41/><U20/><E65/><V37/><F108/><W4/><G89/><T105/><D105/><U3/><E68/><V70/><F70/><W31/><G31/><T128/><D109/><U35/><E35/><V9/><F7/><W100/><G100/><T122/><D128/><U91/><E11/><V96/><F96/><W126/><G126/><T78/><D78/><U92/><REACH who="1" step="1"/><E21/><REACH who="1" ten="201,242,317,230" step="2"/><V118/><F118/><W79/><G80/><T133/><D133/><U42/><E42/><V131/><F131/><W5/><G5/><T120/><D122/><U71/><E71/><V10/><F10/><AGARI ba="0,1" hai="4,10,12,23,27,28,62,63,75,79,83" m="51243" machi="10" ten="30,1000,0" yaku="20,1" doraHai="121" who="3" fromWho="2" sc="201,0,242,0,317,-10,230,20" /><INIT seed="3,0,0,5,5,41" ten="201,242,307,250" oya="3" hai0="30,8,115,10,66,34,31,68,51,72,45,60,32" hai1="27,17,65,87,128,56,39,110,130,86,100,119,123" hai2="52,80,103,20,46,83,21,95,105,55,89,94,133" hai3="79,6,131,112,81,74,18,106,101,38,135,44,117"/><W92/><G112/><T104/><D72/><U48/><E123/><V12/><F133/><W98/><G117/><T13/><D104/><U9/><E119/><V22/><F105/><W4/><G135/><T113/><D31/><U78/><E39/><V63/><F12/><W132/><G131/><T69/><D69/><U62/><E100/><V93/><F103/><W97/><G18/><T23/><D23/><U96/><E96/><V42/><F89/><W121/><G121/><T77/><D77/><U36/><E36/><V107/><F107/><W15/><G15/><T91/><D91/><U59/><E110/><V57/><REACH who="2" step="1"/><F55/><REACH who="2" ten="201,242,297,250" step="2"/><W5/><G132/><T61/><D13/><U49/><E130/><V76/><F76/><W24/><G106/><T75/><D115/><U122/><E78/><V64/><F64/><W2/><G101/><T99/><D66/><U47/><E128/><V1/><F1/><W28/><G2/><T118/><D113/><U126/><E122/><V111/><F111/><W11/><G79/><T40/><D118/><U0/><E0/><V71/><F71/><W35/><G74/><T29/><D68/><U134/><E134/><V16/><F16/><W70/><G70/><T53/><D53/><N who="1" m="31783" /><E9/><V3/><F3/><W102/><G11/><T7/><D75/><U127/><E17/><V109/><F109/><W67/><G67/><T120/><D8/><U90/><E90/><V82/><F82/><W50/><G81/><T85/><D120/><U125/><E27/><V108/><F108/><W26/><G102/><T37/><D10/><U116/><E116/><RYUUKYOKU ba="0,1" sc="201,-15,242,15,297,15,250,-15" hai1="47,49,59,62,65,86,87,125,126,127" hai2="20,21,22,42,46,52,57,63,80,83,93,94,95" /><INIT seed="4,1,1,4,5,47" ten="186,257,312,235" oya="0" hai0="88,11,39,66,105,132,76,16,4,135,63,116,82" hai1="0,19,103,13,110,98,81,85,120,133,52,106,80" hai2="2,130,65,77,108,115,22,24,3,124,94,93,18" hai3="104,9,95,40,119,113,71,67,61,46,87,31,44"/><T10/><D105/><U23/><E120/><V59/><F108/><W125/><G104/><T38/><D116/><U114/><E110/><V89/><F115/><W117/><G113/><T112/><D112/><U29/><E114/><V15/><F124/><W55/><G125/><T127/><D127/><U50/><E133/><N who="0" m="51273" /><D4/><U101/><E0/><V62/><F130/><W1/><G31/><T21/><D76/><U56/><E101/><V36/><F36/><N who="0" m="13866" /><D82/><U32/><E32/><V111/><F111/><W100/><G117/><T70/><D88/><U34/><E34/><V84/><F77/><W118/><G87/><T128/><D128/><U17/><E29/><V68/><F68/><W49/><G95/><T83/><D83/><U43/><E43/><V12/><F2/><W109/><G100/><T74/><D74/><U5/><E5/><V30/><F3/><W129/><G109/><T126/><D126/><U122/><E122/><V60/><F60/><W123/><G129/><T64/><D66/><U86/><E80/><V78/><F78/><W41/><G123/><T69/><D69/><U57/><E81/><V42/><F94/><W7/><G40/><T48/><D48/><AGARI ba="1,1" hai="1,7,9,41,44,46,48,49,55,61,67,71,118,119" machi="48" ten="30,3900,0" yaku="7,1,52,2" doraHai="47" who="3" fromWho="0" sc="186,-42,257,0,312,0,235,52" /><INIT seed="5,0,0,3,2,100" ten="144,257,312,287" oya="1" hai0="16,27,113,86,102,96,40,87,130,11,114,78,81" hai1="51,41,30,36,95,127,2,56,9,7,42,88,90" hai2="107,43,21,0,117,110,122,37,54,66,31,50,118" hai3="83,65,4,72,109,111,60,76,91,70,5,39,129"/><U132/><E132/><V44/><F110/><W26/><G39/><T112/><D40/><U94/><E127/><V131/><F0/><W93/><G129/><T45/><D45/><U48/><E30/><V67/><F122/><W128/><G128/><T28/><D130/><U75/><E75/><V57/><F131/><W85/><REACH who="3" step="1"/><G26/><REACH who="3" ten="144,257,312,277" step="2"/><T18/><D11/><U15/><E36/><V17/><F37/><W10/><G10/><T68/><D68/><U106/><E106/><V82/><F107/><W29/><G29/><T73/><D28/><U23/><E23/><V63/><F31/><W3/><G3/><T53/><D27/><U77/><E2/><V59/><F21/><W134/><G134/><T80/><D18/><U6/><E77/><V25/><F17/><W19/><G19/><T35/><D16/><U120/><E120/><V34/><F25/><W92/><G92/><T55/><D35/><U105/><E105/><V115/><F34/><W8/><G8/><T20/><D20/><U116/><E116/><V32/><F32/><W103/><G103/><T89/><REACH who="0" step="1"/><D73/><REACH who="0" ten="134,257,312,277" step="2"/><U69/><E9/><V24/><F24/><W98/><G98/><T33/><D33/><U101/><E7/><AGARI ba="0,2" hai="4,5,7,60,65,70,72,76,83,85,91,93,109,111" machi="7" ten="40,1300,0" yaku="1,1,53,0" doraHai="100" doraHaiUra="108" who="3" fromWho="1" sc="134,0,257,-13,312,0,277,33" /><INIT seed="6,0,0,4,0,10" ten="134,244,312,310" oya="2" hai0="60,62,72,3,78,127,122,12,53,76,1,67,68" hai1="27,114,19,81,33,48,108,97,14,16,80,23,36" hai2="105,4,133,43,129,103,18,102,91,71,77,110,20" hai3="17,24,132,111,37,117,112,131,96,41,128,92,32"/><V40/><F71/><W65/><G111/><T123/><D127/><U88/><E108/><V35/><F35/><W25/><G117/><T69/><D53/><U13/><E36/><V61/><F77/><W126/><G126/><T57/><D57/><U54/><E33/><V73/><F73/><W11/><G65/><T121/><D72/><U98/><E114/><V86/><F129/><N who="3" m="49739" /><G132/><T29/><D29/><U83/><E27/><V82/><F4/><W74/><G74/><T84/><D84/><U95/><E98/><V134/><F61/><W31/><G112/><T118/><D123/><U0/><E0/><V30/><F30/><W49/><G37/><T115/><D115/><U87/><E97/><N who="2" m="61647" /><F103/><W58/><G58/><T66/><D118/><U8/><E95/><V59/><F59/><AGARI ba="0,0" hai="8,13,14,16,19,23,48,54,59,80,81,83,87,88" machi="59" ten="30,12000,2" yaku="7,1,8,1,52,2,54,2" doraHai="10" who="1" fromWho="2" sc="134,0,244,120,312,-120,310,0" /><INIT seed="7,0,0,1,2,79" ten="134,364,192,310" oya="3" hai0="70,77,72,81,111,55,115,32,122,19,6,93,12" hai1="52,43,9,2,76,131,42,89,36,96,58,75,27" hai2="16,80,38,48,133,107,129,88,125,24,112,67,45" hai3="8,41,4,118,128,102,61,3,90,17,40,119,20"/><W56/><G128/><T11/><D122/><U57/><E131/><V0/><F129/><W60/><G102/><T99/><D111/><U22/><E75/><V5/><F38/><W30/><G30/><T28/><D115/><U13/><E76/><V78/><F112/><W127/><G127/><T64/><D70/><U23/><E2/><V1/><F107/><W98/><G118/><T121/><D121/><U132/><E36/><V110/><F110/><W34/><G34/><T65/><D55/><U49/><E58/><V25/><F133/><W101/><G90/><T51/><D51/><U50/><E50/><V105/><F105/><W103/><G119/><T54/><D54/><U91/><E23/><V124/><F88/><N who="1" m="33865" /><E96/><V39/><F67/><W73/><G73/><T114/><D114/><U26/><E26/><N who="2" m="10347" /><F39/><W47/><G47/><T74/><D74/><U7/><E132/><V95/><F95/><W31/><G31/><AGARI ba="0,0" hai="7,9,13,22,27,31,42,43,49,52,57" m="33865" machi="31" ten="30,3900,0" yaku="8,1,54,2" doraHai="79" who="1" fromWho="3" sc="134,0,364,39,192,0,310,-39" owari="134,-36.6,403,50.3,192,-20.8,271,7.1" /></mjloggm>