<mjloggm ver="2.3"><GO type="169" lobby="0"/><UN n0="%4D%E6%9C%AC" n1="%6E%6F%73%75%6B%65" n2="%53%79%6E%61%70%53%65%51" n3="%E5%8C%97%E5%A4%A9%E7%A5%9E%E3%81%AE%E7%94%9F%E8%8F%9C" dan="18,17,16,16" rate="2229.62,2100.01,2075.27,2116.87" sx="M,M,M,F"/><TAIKYOKU oya="0"/><INIT seed="0,0,0,3,4,1" ten="250,250,250,250" oya="0" hai0="91,121,85,65,14,55,113,15,16,22,119,72,12" hai1="69,8,6,83,31,102,118,74,18,24,109,116,19" hai2="3,104,66,5,127,90,134,122,120,38,126,87,78" hai3="88,40,34,77,95,2,36,97,98,33,46,112,93"/><T57/><D113/><U49/><E109/><V82/><F38/><W129/><G129/><T79/><D119/><U114/><E114/><V62/><F104/><W27/><G112/><T75/><D121/><U48/><E69/><V61/><F134/><W26/><G2/><T96/><D65/><U123/><E102/><V51/><F51/><W59/><G77/><T128/><D128/><U94/><E94/><V0/><F78/><W132/><G132/><T52/><D96/><U100/><E100/><V92/><F82/><W45/><G59/><T21/><D79/><U4/><E83/><V20/><F20/><N who="0" m="7786" /><D75/><U37/><E8/><N who="2" m="2087" /><F3/><W84/><G84/><T106/><D106/><U29/><E24/><V117/><F117/><W50/><G34/><T25/><D72/><U73/><REACH who="1" step="1"/><E37/><REACH who="1" ten="250,240,250,250" step="2"/><V47/><F122/><AGARI ba="0,1" hai="4,6,18,19,29,31,48,49,73,74,116,118,122,123" machi="122" ten="25,12000,2" yaku="1,1,2,1,22,2,52,2,53,0" doraHai="1" doraHaiUra="133" who="1" fromWho="2" sc="250,0,240,130,250,-120,250,0" /><INIT seed="1,0,0,1,0,13" ten="250,370,130,250" oya="1" hai0="132,76,100,2,46,69,97,127,14,89,124,53,88" hai1="121,71,99,8,73,12,26,16,31,56,111,38,133" hai2="21,103,70,75,42,79,74,80,43,128,91,83,51" hai3="41,50,59,98,57,40,55,119,7,77,122,115,67"/><U120/><E71/><V58/><F70/><W107/><G77/><T34/><D2/><U28/><E73/><V32/><F32/><W106/><G7/><T134/><D34/><U49/><E38/><V110/><F110/><W3/><G3/><T117/><D69/><U87/><E133/><N who="0" m="51305" /><D117/><U131/><E131/><V36/><F103/><W96/><G115/><T129/><D76/><U90/><E111/><V85/><F128/><W114/><G114/><T19/><D53/><N who="1" m="31791" /><E121/><V101/><F101/><W109/><G55/><T86/><D46/><U82/><E120/><V68/><F68/><W47/><G109/><T104/><D129/><U5/><E99/><V116/><F36/><W54/><G54/><T126/><D86/><U118/><E118/><V108/><F108/><W95/><G122/><T17/><D17/><U4/><E4/><V15/><F116/><W60/><G119/><T135/><D135/><U65/><E65/><V45/><F58/><W125/><G57/><T22/><AGARI ba="0,0" hai="14,19,22,88,89,97,100,104,124,126,127" m="51305" machi="22" ten="40,8000,1" yaku="18,1,20,1,52,1,54,1" doraHai="13" who="0" fromWho="0" sc="250,80,370,-40,130,-20,250,-20" /><INIT seed="2,0,0,2,5,83" ten="330,330,110,230" oya="2" hai0="25,69,120,98,16,109,36,64,58,59,95,41,75" hai1="133,134,104,60,131,79,119,31,26,45,108,19,117" hai2="67,126,128,21,22,14,103,99,65,130,113,51,1" hai3="11,28,24,54,15,122,46,5,90,12,13,61,40"/><V77/><F1/><W121/><G121/><T49/><D120/><U111/><E79/><V66/><F113/><W29/><G122/><T38/><D75/><U33/><E104/><V42/><F126/><W30/><G90/><T123/><D123/><U18/><E45/><N who="2" m="26039" /><F77/><W47/><G61/><T135/><D135/><N who="1" m="51723" /><E60/><V35/><F35/><W93/><G93/><T3/><D3/><U48/><E48/><V0/><F0/><W102/><G102/><T68/><D109/><N who="1" m="42059" /><E131/><N who="2" m="50219" /><F14/><N who="3" m="5739" /><G54/><T127/><D127/><U84/><E84/><V116/><F116/><AGARI ba="0,0" hai="18,19,26,31,33,116,117,119" m="42059,51723" machi="116" ten="40,8000,1" yaku="20,1,14,1,34,2" doraHai="83" who="1" fromWho="2" sc="330,0,330,80,110,-80,230,0" /><INIT seed="3,0,0,4,0,131" ten="330,410,30,230" oya="3" hai0="26,83,105,98,128,115,67,65,37,68,49,134,102" hai1="40,76,63,58,90,22,0,12,84,5,33,61,56" hai2="54,120,79,96,77,113,3,57,107,29,112,110,6" hai3="20,19,108,118,119,34,111,106,122,69,44,30,47"/><W72/><G72/><T85/><D37/><U129/><E129/><V127/><F29/><W70/><G106/><T95/><D128/><U87/><E33/><V121/><F3/><W11/><G122/><N who="2" m="47209" /><F6/><W135/><G135/><T17/><D115/><N who="2" m="44106" /><F54/><W91/><G91/><T53/><D134/><U36/><E0/><V39/><F57/><W13/><G69/><T31/><D17/><U1/><E1/><V10/><F10/><W104/><G104/><T8/><D105/><U55/><E76/><V86/><F39/><W99/><G99/><T25/><D8/><U48/><E36/><V41/><F41/><W2/><G70/><T100/><D100/><U82/><E87/><V64/><F64/><N who="0" m="24650" /><D31/><U97/><E97/><V18/><F18/><W46/><G2/><T50/><D68/><U81/><E81/><V88/><F110/><N who="3" m="42027" /><G34/><T16/><D16/><N who="1" m="10503" /><E5/><V89/><F127/><W101/><G101/><T27/><D53/><N who="1" m="33935" /><E40/><V59/><F59/><W24/><AGARI ba="0,0" hai="11,13,19,20,24,30,44,46,47,118,119" m="42027" machi="24" ten="40,3900,0" yaku="14,1,10,1" doraHai="131" who="3" fromWho="3" sc="330,-13,410,-13,30,-13,230,39" /><INIT seed="3,1,0,0,5,90" ten="317,397,17,269" oya="3" hai0="58,54,113,15,124,105,98,93,55,4,85,33,89" hai1="17,114,6,107,103,125,96,84,76,79,37,8,101" hai2="42,88,129,135,133,121,130,23,47,38,123,97,69" hai3="82,59,11,16,94,35,49,32,95,51,80,52,19"/><W43/><G32/><T30/><D124/><U66/><E125/><V128/><F23/><W75/><G35/><T31/><D113/><U62/><E114/><V46/><F69/><W22/><G75/><T21/><D33/><U29/><E37/><V63/><F63/><W109/><G109/><T99/><D55/><U77/><E29/><N who="0" m="10761" /><D105/><U86/><E103/><V18/><F18/><N who="3" m="6699" /><G22/><T110/><D110/><U44/><E44/><N who="2" m="23639" /><F88/><W132/><G132/><N who="2" m="50761" /><F97/><W71/><G71/><T61/><D21/><U83/><E17/><V57/><F57/><N who="3" m="32911" /><G11/><AGARI ba="1,0" hai="4,11,15,54,58,61,85,89,93,98,99" m="10761" machi="11" ten="30,2000,0" yaku="8,1,52,1" doraHai="90" who="0" fromWho="3" sc="317,23,397,0,17,0,269,-23" /><INIT seed="4,0,0,1,2,67" ten="340,397,17,246" oya="0" hai0="4,33,115,63,108,7,91,68,25,44,128,2,94" hai1="86,12,89,125,123,39,75,58,55,59,96,87,124" hai2="76,34,99,9,126,90,62,78,28,42,43,29,5" hai3="56,84,81,18,31,88,24,114,80,16,41,103,135"/><T83/><D115/><U122/><E75/><V118/><F126/><N who="1" m="48745" /><E39/><V116/><F62/><W53/><G114/><T48/><D128/><U3/><E3/><N who="2" m="191" /><F99/><W37/><G135/><T51/><D83/><U71/><E96/><V19/><F90/><W23/><G103/><T20/><D33/><U79/><E71/><V98/><F98/><W93/><G41/><N who="2" m="15369" /><F19/><W52/><G37/><T38/><D108/><U61/><E12/><V127/><F127/><W50/><G53/><T13/><D38/><U27/><E27/><N who="2" m="18719" /><F29/><W64/><G64/><T92/><D2/><U57/><E79/><V85/><F85/><N who="1" m="32265" /><E89/><V45/><F45/><W54/><G54/><T65/><D91/><U60/><E55/><V15/><F15/><W112/><G112/><T35/><D35/><U107/><E107/><V120/><F120/><AGARI ba="0,0" hai="57,58,59,60,61,120,122,123" m="32265,48745" machi="120" ten="40,5200,0" yaku="28,2,18,1" doraHai="67" who="1" fromWho="2" sc="340,0,397,52,17,-52,246,0" owari="340,14.0,449,54.9,-35,-53.5,246,-15.4" /></mjloggm>