<mjloggm ver="2.3"><GO type="169" lobby="0"/><UN n0="%E8%A6%9A%E9%86%92%E3%81%97%E3%81%9F%E3%81%A8%E3%81%BE%E3%81%A8" n1="%E3%82%86%E3%83%BC%E3%81%B5%E3%82%89" n2="%73%6F%63%63%68%79" n3="%E6%98%AF%E6%94%BF%E3%81%AE%E5%A4%95%E9%99%BD" dan="17,16,18,16" rate="2240.63,2007.87,2255.69,2123.49" sx="M,M,M,M"/><TAIKYOKU oya="0"/><INIT seed="0,0,0,5,5,65" ten="250,250,250,250" oya="0" hai0="86,131,1,127,35,117,50,89,121,106,11,75,8" hai1="39,95,34,101,73,91,84,63,49,12,97,103,123" hai2="40,128,2,13,116,0,22,43,115,17,53,82,132" hai3="64,4,48,71,31,20,55,100,54,14,61,74,90"/><T67/><D117/><U111/><E111/><V130/><F115/><W122/><G122/><T70/><D121/><U18/><E123/><V57/><F116/><W68/><G74/><T114/><D114/><U28/><E39/><V42/><F132/><W5/><G55/><T85/><D131/><N who="2" m="50218" /><F82/><W126/><G126/><T51/><D127/><U78/><E34/><V125/><F125/><W15/><G14/><T36/><D36/><U77/><E28/><V16/><F17/><W135/><G135/><T109/><D75/><U3/><E3/><V32/><F32/><W72/><G72/><T94/><D106/><U58/><E73/><V44/><F44/><W30/><G31/><T60/><D109/><U87/><E87/><V69/><F69/><W41/><G41/><N who="2" m="10497" /><V24/><DORA hai="120" /><F24/><W88/><G68/><T27/><D85/><U133/><E133/><V29/><F29/><W25/><G5/><T45/><D45/><U118/><E118/><V26/><F26/><W119/><G119/><T56/><D27/><U107/><E103/><V62/><AGARI ba="0,0" hai="0,2,13,16,22,53,57,62" m="10497,50218" machi="62" ten="40,2700,0" yaku="19,1,54,1" doraHai="65,120" who="2" fromWho="2" sc="250,-13,250,-7,250,27,250,-7" /><INIT seed="1,0,0,5,1,117" ten="237,243,277,243" oya="1" hai0="112,116,106,101,3,47,127,95,100,111,113,103,43" hai1="104,63,58,39,28,108,66,22,37,4,36,52,118" hai2="27,134,98,46,67,78,42,107,125,17,72,19,76" hai3="7,102,59,74,91,32,50,35,84,56,131,14,135"/><U124/><E118/><V99/><F134/><W75/><G102/><T34/><D116/><U126/><E104/><V97/><F107/><W30/><G14/><T20/><D34/><U123/><E4/><V53/><F125/><N who="1" m="48233" /><E28/><V94/><F67/><W133/><G131/><T18/><D3/><U1/><E1/><V82/><F78/><W12/><G12/><T0/><D127/><U60/><E22/><V64/><F64/><W31/><G7/><T10/><D106/><U41/><E108/><V79/><F79/><W16/><G91/><T21/><D111/><U48/><E63/><V13/><F27/><W89/><G89/><T86/><D113/><U71/><E123/><V105/><F53/><W90/><G90/><N who="0" m="53719" /><D0/><U11/><E11/><V77/><F77/><W49/><G84/><T93/><D10/><U68/><E41/><V25/><F25/><W132/><G132/><T129/><D112/><U38/><E38/><V92/><F105/><W23/><G23/><N who="0" m="8779" /><D18/><AGARI ba="0,0" hai="16,18,30,31,32,35,49,50,56,59,74,75,133,135" machi="18" ten="25,3200,0" yaku="22,2,54,1" doraHai="117" who="3" fromWho="0" sc="237,-32,243,0,277,0,243,32" /><INIT seed="2,0,0,2,0,48" ten="205,243,277,275" oya="2" hai0="92,119,122,78,106,96,51,66,7,9,26,22,30" hai1="11,41,52,47,43,59,127,83,34,112,17,58,25" hai2="99,73,71,100,129,0,117,97,3,2,23,80,134" hai3="109,12,74,72,46,27,75,15,107,135,4,10,16"/><V128/><F117/><W123/><G107/><T85/><D122/><U124/><E112/><V103/><F71/><W64/><G123/><T77/><D119/><U93/><E59/><V55/><F134/><W20/><G109/><T67/><D106/><U5/><E47/><V126/><F23/><W115/><G115/><T19/><D30/><U108/><E108/><V105/><F126/><N who="1" m="48169" /><E93/><V37/><F37/><W65/><G135/><T91/><D51/><N who="1" m="31007" /><E83/><V28/><F28/><W98/><G98/><T61/><D96/><U40/><E17/><V39/><F39/><W36/><G46/><T45/><D45/><U118/><E118/><V111/><F111/><W104/><G104/><T42/><D42/><U18/><E18/><V31/><F31/><W76/><G36/><T1/><REACH who="0" step="1"/><D67/><REACH who="0" ten="195,243,277,275" step="2"/><U89/><E89/><V121/><F121/><W110/><G110/><T113/><D113/><U13/><E25/><V102/><F55/><W62/><G65/><T120/><D120/><U79/><E79/><N who="2" m="44143" /><F105/><W6/><G76/><T130/><D130/><AGARI ba="0,1" hai="0,2,3,97,99,100,102,103,128,129,130" m="44143" machi="130" ten="40,2000,0" yaku="19,1" doraHai="48" who="2" fromWho="0" sc="195,-20,243,0,277,30,275,0" /><INIT seed="2,1,0,5,4,121" ten="175,243,307,275" oya="2" hai0="98,113,96,24,134,95,48,30,132,92,131,93,44" hai1="110,105,8,106,55,73,80,51,99,61,123,86,77" hai2="23,13,57,22,15,28,59,108,119,4,41,56,65" hai3="97,54,127,68,1,112,129,104,124,27,102,72,62"/><V40/><F119/><W87/><G112/><T114/><D131/><U122/><E61/><V53/><F65/><W6/><G129/><T70/><D70/><U32/><E32/><V128/><F128/><W47/><G87/><T2/><D2/><U88/><E8/><V18/><F108/><W130/><G54/><T16/><D16/><U116/><E116/><V135/><F135/><N who="0" m="51754" /><D98/><U38/><E38/><V82/><F53/><W69/><G68/><T49/><D96/><U133/><E133/><V11/><REACH who="2" step="1"/><F82/><REACH who="2" ten="175,243,297,275" step="2"/><W66/><G130/><T64/><D64/><U63/><E110/><V43/><F43/><W115/><G66/><T42/><D49/><U10/><E123/><V31/><F31/><W67/><G67/><T33/><AGARI ba="1,1" hai="24,30,33,42,44,48,92,93,95,113,114" m="51754" machi="33" ten="30,1100,0" yaku="20,1" doraHai="121" who="0" fromWho="0" sc="175,24,243,-4,297,-6,275,-4" /><BYE who="0" /><INIT seed="3,0,0,3,0,135" ten="199,239,291,271" oya="3" hai0="102,75,23,0,17,98,15,35,47,109,59,3,39" hai1="25,85,88,37,117,18,113,118,97,42,65,107,123" hai2="110,90,128,11,105,122,74,73,76,101,16,125,106" hai3="115,130,64,108,86,66,116,67,134,62,12,63,2"/><W120/><G2/><UN n0="%E8%A6%9A%E9%86%92%E3%81%97%E3%81%9F%E3%81%A8%E3%81%BE%E3%81%A8" /><T114/><D109/><U91/><E123/><V92/><F110/><W22/><G108/><T30/><D75/><N who="2" m="28682" /><F16/><W56/><G120/><T68/><D68/><U41/><E113/><V14/><F14/><W71/><G115/><T4/><D114/><U99/><E65/><V45/><F45/><W10/><G134/><T1/><D59/><U82/><E107/><N who="2" m="40971" /><F11/><W112/><G130/><T53/><D98/><N who="1" m="37387" /><E37/><V54/><F54/><W95/><G116/><N who="1" m="44650" /><E91/><V96/><F122/><W77/><G112/><T133/><D102/><U36/><E36/><V83/><F128/><W87/><G71/><T46/><D133/><U51/><E51/><V38/><F38/><W31/><G63/><T81/><D39/><U9/><E9/><V40/><F40/><W129/><G129/><T79/><D53/><U27/><E27/><V78/><F125/><W119/><G119/><T50/><D50/><U48/><E48/><V6/><F6/><W34/><G66/><T55/><D55/><U57/><E57/><V100/><F76/><W60/><G62/><T28/><D4/><U52/><E52/><V8/><F8/><W126/><G67/><T132/><D132/><U13/><E13/><V131/><F131/><W94/><G12/><T20/><D47/><U24/><E24/><V49/><F49/><W127/><G10/><N who="0" m="6391" /><D46/><U93/><E25/><V80/><F80/><W89/><G77/><T21/><D35/><U7/><E7/><V69/><F69/><W19/><G34/><T121/><D121/><U44/><E44/><V29/><F29/><W5/><G31/><RYUUKYOKU ba="0,0" sc="199,15,239,-15,291,15,271,-15" hai0="0,1,3,20,21,23,28,30,79,81" hai2="78,83,90,92,96,100,101" /><INIT seed="4,1,0,4,0,20" ten="214,224,306,256" oya="0" hai0="50,93,14,92,4,99,114,71,131,11,24,133,46" hai1="101,27,59,65,8,95,3,117,78,29,16,17,82" hai2="9,96,55,64,23,87,89,44,122,39,53,52,103" hai3="88,90,85,124,97,106,83,134,61,1,45,35,6"/><T129/><D114/><U73/><E117/><V18/><F122/><W28/><G1/><T33/><D133/><U32/><E3/><V121/><F121/><W84/><G6/><T30/><D71/><U130/><E130/><N who="0" m="49673" /><D99/><U76/><E8/><V109/><F109/><W19/><G134/><T22/><D33/><U69/><E78/><V116/><F116/><W91/><G124/><T79/><D79/><U94/><E94/><V105/><F64/><W80/><G19/><T74/><D74/><U119/><E119/><V68/><F68/><W10/><G10/><T37/><D37/><U13/><E13/><V126/><F9/><W115/><G115/><T113/><D113/><U36/><E36/><V70/><F70/><W42/><G61/><T57/><D57/><U15/><E15/><V123/><F126/><W21/><G35/><T56/><D56/><U38/><E38/><V107/><F107/><W86/><G97/><T108/><D108/><U120/><E120/><V25/><F123/><W111/><G106/><T104/><D104/><U47/><E47/><V62/><F62/><W75/><G75/><T110/><D110/><U72/><E72/><V77/><F77/><W100/><G100/><T2/><D2/><U127/><E127/><V118/><F118/><W7/><G7/><T58/><D58/><U0/><E0/><V98/><F98/><W60/><G60/><T135/><D135/><U49/><E69/><V12/><F12/><W5/><G5/><T40/><AGARI ba="1,0" hai="4,11,14,22,24,30,40,46,50,92,93" m="49673" machi="40" ten="30,3000,0" yaku="19,1,52,1" doraHai="20" who="0" fromWho="0" sc="214,33,224,-11,306,-11,256,-11" /><INIT seed="4,2,0,0,3,102" ten="247,213,295,245" oya="0" hai0="81,130,48,129,96,86,38,99,104,121,116,6,127" hai1="9,60,22,87,42,67,5,122,74,3,12,23,125" hai2="65,128,43,32,7,55,97,61,39,58,95,66,70" hai3="34,52,124,0,20,30,118,98,100,57,41,51,14"/><T27/><D38/><U80/><E125/><V93/><F32/><W77/><G0/><T117/><D48/><U132/><E132/><V75/><F75/><W62/><G124/><T106/><D27/><U18/><E122/><V33/><F33/><W120/><G118/><N who="0" m="45675" /><D6/><U90/><E74/><V19/><F128/><N who="0" m="49258" /><D121/><U21/><E42/><V111/><F7/><W63/><G34/><T94/><D127/><U45/><REACH who="1" step="1"/><E45/><REACH who="1" ten="247,203,295,245" step="2"/><V47/><F111/><W59/><G41/><T89/><D99/><U71/><AGARI ba="2,1" hai="3,5,9,12,18,21,22,23,60,67,71,80,87,90" machi="71" ten="20,5200,0" yaku="1,1,2,1,0,1,7,1,53,0" doraHai="102" doraHaiUra="107" who="1" fromWho="1" sc="247,-28,203,68,295,-15,245,-15" /><INIT seed="5,0,0,0,4,124" ten="219,271,280,230" oya="1" hai0="80,134,39,14,65,15,23,103,24,74,85,117,30" hai1="121,130,26,131,54,102,88,33,71,50,41,109,53" hai2="91,133,44,129,82,52,110,46,118,70,17,37,13" hai3="96,67,115,66,68,18,42,76,123,107,43,63,69"/><U100/><E121/><V21/><F110/><W89/><G115/><T97/><D74/><U12/><E109/><V84/><F118/><W16/><G123/><T132/><D117/><U127/><E127/><V79/><F133/><N who="0" m="51306" /><D65/><U40/><E71/><V25/><F70/><W5/><G76/><N who="0" m="46215" /><D39/><U87/><E12/><V95/><F129/><N who="1" m="49161" /><E26/><V94/><F37/><W77/><G5/><T36/><D36/><U49/><E33/><V35/><F35/><W72/><G77/><T128/><D128/><U47/><E41/><V3/><F3/><W104/><G72/><T112/><D112/><U120/><E120/><V27/><F27/><W114/><G114/><T20/><D20/><U105/><E105/><AGARI ba="0,0" hai="14,15,23,24,30,97,103,105" m="46215,51306" machi="105" ten="30,1000,0" yaku="20,1" doraHai="124" who="0" fromWho="1" sc="219,10,271,-10,280,0,230,0" /><INIT seed="6,0,0,3,2,43" ten="229,261,280,230" oya="2" hai0="58,3,90,1,102,116,113,21,34,81,2,56,95" hai1="86,106,87,77,24,132,57,35,114,37,11,40,72" hai2="112,74,92,121,16,104,76,125,110,18,22,63,97" hai3="32,118,70,91,73,15,131,115,79,71,126,29,19"/><V62/><F121/><W33/><G118/><T31/><D34/><U49/><E106/><V78/><F104/><W44/><G126/><T47/><D116/><U117/><E117/><V48/><F125/><W100/><G100/><T122/><D122/><U128/><E37/><V124/><F112/><W20/><G115/><T52/><D113/><U65/><E114/><V10/><F110/><W111/><G111/><T85/><D31/><U38/><E72/><V14/><F48/><W50/><G131/><T135/><D135/><U27/><E132/><V96/><F96/><W105/><G105/><T26/><D102/><U69/><E128/><V94/><F94/><W127/><G127/><T7/><D7/><U42/><E42/><V93/><F93/><W36/><G36/><T129/><D95/><U8/><E69/><V109/><F109/><W123/><G91/><T84/><D84/><N who="1" m="32299" /><E38/><V28/><F28/><W83/><G123/><T17/><REACH who="0" step="1"/><D129/><REACH who="0" ten="219,261,280,230" step="2"/><U103/><E103/><V68/><F124/><W55/><G29/><T88/><D88/><U61/><E35/><V54/><F92/><W99/><G99/><T9/><D9/><N who="1" m="3659" /><E77/><V64/><F97/><W12/><G33/><T41/><D41/><U46/><AGARI ba="0,1" hai="24,27,40,46,49,57,61,65" m="3659,32299" machi="46" ten="30,2000,0" yaku="8,1,52,1" doraHai="43" who="1" fromWho="1" sc="219,-5,261,30,280,-10,230,-5" /><INIT seed="7,0,0,4,3,107" ten="214,291,270,225" oya="3" hai0="75,15,60,127,24,82,58,97,4,10,101,16,86" hai1="133,38,1,3,88,99,89,57,31,59,12,109,72" hai2="125,41,27,62,22,93,106,66,121,64,46,37,54" hai3="124,11,65,113,132,67,52,2,39,7,44,73,119"/><W45/><G119/><T91/><D127/><U130/><E109/><V29/><F106/><W69/><G124/><T18/><D24/><U40/><E72/><V111/><F125/><W126/><G126/><T95/><REACH who="0" step="1"/><D75/><REACH who="0" ten="204,291,270,225" step="2"/><U48/><E133/><V112/><F111/><W42/><G132/><T34/><D34/><U102/><E130/><V14/><F121/><W123/><G123/><T78/><D78/><U96/><E3/><V6/><F112/><W129/><G129/><T51/><D51/><U32/><E1/><V80/><F27/><W26/><G113/><T63/><D63/><U30/><E32/><V77/><F62/><W21/><G73/><T100/><D100/><U20/><E38/><V76/><F76/><W56/><G69/><T114/><D114/><U35/><E35/><V8/><F77/><W81/><G81/><T87/><D87/><U74/><E74/><V25/><F80/><W47/><G39/><T19/><D19/><N who="1" m="10343" /><E102/><V61/><F61/><W5/><G42/><T122/><D122/><U108/><E108/><V84/><F54/><AGARI ba="0,1" hai="4,10,15,16,18,54,58,60,82,86,91,95,97,101" machi="54" ten="30,8000,1" yaku="1,1,7,1,8,1,54,1,53,1" doraHai="107" doraHaiUra="55" who="0" fromWho="2" sc="204,90,291,0,270,-80,225,0" /><INIT seed="8,0,0,5,0,132" ten="294,291,190,225" oya="0" hai0="89,31,114,76,28,32,79,0,128,15,64,1,86" hai1="100,99,8,135,52,53,117,112,22,40,45,87,121" hai2="78,37,70,24,23,85,46,6,125,2,94,74,83" hai3="77,63,102,14,41,10,98,111,21,56,59,66,110"/><T39/><D114/><U19/><E121/><V92/><F70/><W69/><G77/><T106/><D106/><U113/><E135/><V12/><F12/><W38/><G41/><T17/><D39/><U42/><E8/><V29/><F85/><W43/><G43/><N who="1" m="16426" /><E87/><V50/><F37/><W33/><G33/><T82/><D128/><U13/><E45/><V58/><F46/><W73/><G73/><T54/><D64/><U90/><E90/><V88/><F125/><W11/><G38/><T129/><D129/><U104/><E117/><V124/><F124/><W3/><G21/><N who="0" m="11455" /><D32/><U44/><E44/><V62/><F50/><W30/><G30/><N who="0" m="11307" /><D1/><U120/><E120/><V119/><F119/><W48/><G48/><T71/><D0/><U122/><E122/><V35/><F35/><W133/><G133/><T27/><D27/><U16/><E19/><V103/><F103/><W51/><G51/><T68/><D68/><U127/><E127/><V130/><F130/><W72/><G72/><T65/><D65/><U18/><E18/><V25/><F25/><W95/><G59/><T61/><D71/><U97/><E97/><V4/><F2/><W96/><G96/><T47/><D47/><U34/><E34/><V123/><F123/><W26/><G26/><T84/><D84/><U9/><E22/><V80/><F80/><W107/><G107/><T131/><D131/><U118/><E118/><V91/><F91/><W60/><G3/><T67/><D67/><U115/><AGARI ba="0,0" hai="9,13,16,52,53,99,100,104,112,113,115" m="16426" machi="115" ten="40,5200,0" yaku="11,1,54,2" doraHai="132" who="1" fromWho="1" sc="294,-26,291,52,190,-13,225,-13" owari="268,6.8,343,44.3,177,-32.3,212,-18.8" /></mjloggm>