<mjloggm ver="2.3"><GO type="169" lobby="0"/><UN n0="%E3%81%86%E3%81%95%E3%81%8E%E3%83%95%E3%82%A1%E3%83%B3%E3%82%B7%E3%83%BC" n1="%E6%AF%94%E5%98%89%E7%A7%80%E4%BB%81" n2="%74%77%69%74%63%68" n3="%76%61%6C%6B%79%72%69%65" dan="16,16,16,17" rate="2149.99,2124.46,2155.89,2158.12" sx="M,M,F,F"/><TAIKYOKU oya="0"/><INIT seed="0,0,0,3,0,4" ten="250,250,250,250" oya="0" hai0="9,24,72,17,65,101,104,11,39,8,6,115,99" hai1="129,128,31,12,51,130,96,110,88,126,87,114,59" hai2="95,90,78,71,5,132,62,105,70,92,74,18,50" hai3="41,113,83,15,40,116,98,0,21,16,30,49,52"/><T133/><D115/><U73/><E73/><V125/><F105/><W124/><G116/><T38/><D133/><U29/><E114/><V10/><F132/><W79/><G113/><T14/><D72/><U112/><E112/><V84/><F125/><W131/><G124/><T117/><D117/><U3/><E3/><V82/><F18/><W66/><G131/><T58/><D24/><U19/><E96/><V127/><F127/><W20/><G0/><T120/><D120/><U68/><E68/><V106/><F106/><W47/><G66/><T111/><D111/><U13/><E13/><V94/><F50/><W81/><G98/><T33/><D33/><U44/><E59/><V109/><F109/><W69/><G69/><T119/><D119/><U56/><E56/><V100/><F100/><W60/><G60/><T53/><D65/><U34/><E34/><V91/><F62/><W36/><G36/><T22/><REACH who="0" step="1"/><D6/><REACH who="0" ten="240,250,250,250" step="2"/><U48/><E110/><V28/><F28/><W7/><G7/><T37/><D37/><U32/><E32/><V118/><F118/><W107/><G107/><T26/><D26/><U97/><E126/><V80/><REACH who="2" step="1"/><F91/><REACH who="2" ten="240,250,240,250" step="2"/><W35/><G35/><T25/><D25/><U61/><E31/><V27/><F27/><N who="3" m="16751" /><G79/><T135/><D135/><U86/><E29/><V89/><F89/><W42/><AGARI ba="0,2" hai="15,16,20,40,41,42,47,49,52,81,83" m="16751" machi="42" ten="30,4000,0" yaku="8,1,54,2" doraHai="4" who="3" fromWho="3" sc="240,-20,250,-10,240,-10,250,60" /><INIT seed="1,0,0,5,5,72" ten="220,240,230,310" oya="1" hai0="40,110,123,14,44,131,41,106,79,13,90,4,56" hai1="22,94,125,2,84,82,6,42,33,112,85,100,24" hai2="36,8,11,1,31,43,124,69,64,128,38,16,101" hai3="89,3,35,71,132,34,83,116,96,91,57,77,81"/><U62/><E33/><V129/><F124/><W86/><G132/><T46/><D110/><U135/><E125/><V121/><F121/><W122/><G122/><T9/><D123/><U59/><E112/><V54/><F31/><W21/><G116/><T65/><D131/><U30/><E135/><V105/><F64/><W25/><G3/><T95/><D106/><U98/><E2/><V37/><F69/><W78/><G71/><T76/><D14/><U88/><E6/><V39/><F43/><N who="0" m="16458" /><D65/><U126/><E42/><V92/><F105/><W10/><G10/><T45/><D56/><U0/><E0/><V127/><F127/><W108/><G108/><T23/><D23/><U55/><E126/><V120/><F120/><W70/><G70/><T5/><D5/><U75/><E75/><V32/><F32/><W117/><G117/><T47/><N who="0" m="11264" /><DORA hai="97" /><T133/><D133/><U111/><E111/><V134/><F134/><W130/><G130/><N who="2" m="50281" /><F54/><W68/><G68/><T20/><D20/><U48/><REACH who="1" step="1"/><E85/><AGARI ba="0,0" hai="4,9,13,76,79,85,90,95" m="11264,16458" machi="85" ten="40,5200,0" yaku="8,1,52,2" doraHai="72,97" who="0" fromWho="1" sc="220,52,240,-52,230,0,310,0" /><INIT seed="2,0,0,3,1,4" ten="272,188,230,310" oya="2" hai0="0,58,103,25,23,128,70,69,129,57,108,112,63" hai1="43,120,68,34,78,49,80,53,100,5,15,88,72" hai2="113,52,104,6,77,89,46,41,114,101,95,35,110" hai3="127,116,30,9,85,121,83,59,47,117,40,75,24"/><V126/><F126/><W90/><G121/><T8/><D112/><U131/><E120/><V84/><F35/><W111/><G75/><T10/><D103/><U21/><E68/><V66/><F110/><W102/><G111/><T107/><D107/><U36/><E34/><V39/><F66/><W31/><G127/><T132/><D108/><U122/><E122/><V27/><F77/><W56/><G102/><T19/><D132/><U13/><E131/><N who="0" m="50249" /><D0/><U26/><E100/><V76/><F76/><W71/><G71/><N who="0" m="27147" /><D58/><U118/><E118/><V42/><F104/><W55/><G59/><T32/><D32/><U61/><E36/><V7/><F101/><W51/><G30/><T2/><D2/><U45/><E5/><V18/><F6/><W33/><REACH who="3" step="1"/><G9/><REACH who="3" ten="272,188,230,300" step="2"/><T44/><D44/><U130/><E130/><V14/><F46/><W50/><AGARI ba="0,1" hai="24,31,33,40,47,50,51,55,56,83,85,90,116,117" machi="50" ten="20,8000,1" yaku="1,1,2,1,0,1,7,1,53,1" doraHai="4" doraHaiUra="38" who="3" fromWho="3" sc="272,-20,188,-20,230,-40,300,90" /><INIT seed="3,0,0,1,3,122" ten="252,168,190,390" oya="3" hai0="0,35,15,67,12,4,110,115,69,9,1,63,13" hai1="74,31,92,103,19,91,5,73,120,32,29,45,55" hai2="70,50,44,20,119,21,84,75,118,135,111,57,62" hai3="100,134,79,49,65,43,127,128,30,16,40,66,80"/><W46/><G134/><T42/><D115/><U7/><E120/><V27/><F75/><W53/><G128/><T112/><D112/><U48/><E103/><V14/><F70/><W23/><G127/><T36/><D35/><U61/><E74/><V72/><F72/><W125/><G125/><T76/><D76/><U39/><E73/><V90/><F135/><W26/><G100/><T52/><D36/><U109/><E39/><V41/><F111/><W68/><G30/><T37/><D42/><N who="3" m="15913" /><G68/><T77/><D37/><U60/><E109/><V133/><F133/><W82/><G79/><T87/><D110/><U3/><E19/><V2/><F2/><W83/><AGARI ba="0,0" hai="16,23,26,46,49,53,65,66,80,82,83" m="15913" machi="83" ten="30,3000,0" yaku="8,1,54,1" doraHai="122" who="3" fromWho="3" sc="252,-10,168,-10,190,-10,390,30" /><INIT seed="3,1,0,4,0,94" ten="242,158,180,420" oya="3" hai0="42,28,33,35,39,66,16,40,111,45,51,117,52" hai1="133,43,49,0,101,17,98,21,114,34,75,113,41" hai2="112,44,26,61,89,134,106,119,8,91,76,118,108" hai3="115,81,58,123,4,72,79,1,63,105,31,124,125"/><W59/><G123/><T10/><D117/><U22/><E75/><V104/><F108/><W93/><G115/><T78/><D111/><U27/><E34/><V53/><F112/><W131/><G105/><T71/><D78/><U13/><E0/><V68/><F134/><W24/><G131/><T102/><D28/><U109/><E109/><V135/><F135/><W110/><G110/><T129/><D129/><U18/><E133/><V9/><F76/><W92/><G58/><N who="0" m="33055" /><D42/><U29/><E29/><V2/><F2/><W96/><G4/><T62/><D102/><U14/><E27/><V47/><F26/><W57/><G1/><T85/><D85/><U100/><REACH who="1" step="1"/><E49/><REACH who="1" ten="242,148,180,420" step="2"/><V83/><F119/><W99/><G125/><T64/><D64/><U7/><E7/><V50/><F50/><W60/><G124/><T73/><D73/><U80/><E80/><V67/><F83/><W127/><G127/><T25/><D25/><U130/><E130/><V132/><F132/><W87/><G72/><T11/><D11/><U116/><E116/><V15/><F118/><W36/><G24/><T107/><D35/><U120/><E120/><V70/><F8/><W12/><G31/><T30/><D30/><U48/><E48/><V103/><F9/><W122/><G122/><T128/><D33/><U95/><E95/><V84/><F67/><W46/><G92/><T3/><D128/><U20/><E20/><V38/><F104/><W6/><G93/><T23/><D107/><U126/><E126/><V97/><F106/><W74/><G74/><T82/><D3/><U77/><E77/><RYUUKYOKU ba="1,1" sc="242,-10,148,30,180,-10,420,-10" hai1="13,14,17,18,21,22,41,43,98,100,101,113,114" /><INIT seed="4,2,1,2,5,0" ten="232,178,170,410" oya="0" hai0="105,133,10,126,129,49,90,79,42,39,112,6,97" hai1="22,9,63,16,27,92,80,18,61,2,26,25,52" hai2="128,102,94,121,113,38,41,72,32,44,60,124,64" hai3="85,115,29,116,53,100,76,98,122,103,43,45,87"/><T30/><D112/><U14/><E80/><V11/><F121/><W106/><G116/><T58/><D133/><U119/><E119/><V24/><F113/><W3/><G3/><T118/><D118/><U111/><E111/><V70/><F124/><W35/><G115/><T31/><D126/><U130/><E130/><V91/><F128/><W77/><G122/><T57/><D129/><U88/><E2/><V23/><F32/><W17/><G103/><T62/><D39/><U67/><E67/><V66/><F72/><W107/><G106/><T7/><D79/><U95/><E95/><V13/><F102/><W81/><G53/><N who="0" m="31919" /><D42/><U108/><E108/><V34/><F34/><W86/><G17/><T1/><D1/><U117/><E117/><V75/><F75/><W19/><G19/><T110/><D10/><U37/><E37/><V123/><F123/><W104/><G104/><T131/><D131/><U5/><E18/><V69/><F69/><W114/><G114/><T54/><D105/><U47/><E47/><V12/><F66/><W132/><G132/><T21/><D110/><U93/><E93/><V51/><F11/><W109/><G109/><T33/><D33/><U84/><REACH who="1" step="1"/><E52/><REACH who="1" ten="232,168,170,410" step="2"/><V36/><F36/><W15/><G107/><T127/><D127/><U71/><E71/><V48/><F38/><W82/><G81/><T125/><D125/><U40/><E40/><V8/><F51/><W55/><G43/><T73/><D54/><U74/><E74/><V68/><F68/><W134/><G82/><T83/><D83/><U20/><E20/><V120/><F120/><RYUUKYOKU ba="2,2" sc="232,-10,168,30,170,-10,410,-10" hai1="5,9,14,16,22,25,26,27,61,63,84,88,92" /><INIT seed="5,3,2,1,4,75" ten="222,198,160,400" oya="1" hai0="83,125,104,70,3,17,64,89,114,57,112,38,71" hai1="82,46,124,55,103,49,101,96,14,63,105,116,95" hai2="31,18,24,26,60,123,99,8,66,42,48,35,131" hai3="16,78,68,56,115,76,93,34,22,41,25,45,0"/><U33/><E116/><V15/><F123/><W74/><G68/><T126/><D104/><U62/><E33/><V29/><F131/><W27/><G0/><T129/><D3/><U69/><E124/><N who="0" m="47721" /><D129/><U13/><E105/><V50/><F42/><W47/><G115/><N who="0" m="44075" /><D38/><U19/><E103/><V85/><F85/><W20/><G34/><T73/><D17/><U77/><E69/><V80/><F80/><W97/><G56/><T44/><D44/><N who="3" m="16969" /><G74/><T94/><D83/><U11/><REACH who="1" step="1"/><E14/><REACH who="1" ten="222,188,160,400" step="2"/><V4/><F35/><W5/><G5/><T21/><D71/><U130/><E130/><V121/><F4/><W84/><G41/><T6/><D70/><U7/><E7/><V39/><F15/><W54/><G54/><T32/><D6/><U51/><E51/><V134/><F50/><W30/><G84/><AGARI ba="3,3" hai="11,13,19,46,49,55,62,63,77,82,84,95,96,101" machi="84" ten="30,11600,0" yaku="1,1,7,1,8,1,52,1,53,0" doraHai="75" doraHaiUra="119" who="1" fromWho="3" sc="222,0,188,155,160,0,400,-125" /><INIT seed="5,4,0,1,5,135" ten="222,343,160,275" oya="1" hai0="131,54,90,100,76,72,56,68,27,22,10,48,19" hai1="42,49,122,117,69,60,32,11,39,98,14,34,77" hai2="133,84,43,67,28,126,105,92,17,66,12,120,57" hai3="71,118,8,25,110,33,15,40,80,83,119,53,85"/><U81/><E122/><V46/><F105/><W38/><G110/><T44/><D131/><U6/><E39/><V86/><F126/><W21/><G71/><T113/><D113/><U35/><E117/><N who="3" m="44554" /><G33/><T116/><D116/><U62/><E98/><V50/><F133/><W101/><G101/><T29/><D68/><U91/><E91/><V104/><F120/><W2/><G2/><T107/><BYE who="2" /><D90/><UN n2="%74%77%69%74%63%68" /><U125/><E125/><V18/><F104/><W31/><G53/><T16/><D107/><U7/><E7/><V88/><F28/><W111/><G111/><T75/><D100/><U93/><E93/><V4/><F4/><N who="3" m="3463" /><G85/><T124/><D124/><U102/><E102/><V134/><F134/><W59/><G59/><T52/><D10/><U64/><E62/><V108/><F108/><W74/><G74/><T9/><D9/><U87/><REACH who="1" step="1"/><E35/><REACH who="1" ten="222,333,160,275" step="2"/><V128/><F128/><W65/><G83/><T24/><D76/><U79/><E79/><V45/><F92/><W47/><G80/><T82/><D82/><U37/><E37/><V20/><F88/><W121/><G121/><T1/><D1/><U3/><E3/><V0/><F0/><W132/><G132/><T78/><D78/><U97/><E97/><V41/><F84/><W115/><G115/><T70/><D75/><U5/><E5/><V127/><F86/><W58/><G38/><T23/><D72/><U129/><E129/><V130/><F127/><W112/><G112/><T26/><D48/><U13/><E13/><N who="2" m="9263" /><F130/><W106/><G106/><T61/><D61/><U109/><E109/><V89/><F50/><RYUUKYOKU ba="4,1" sc="222,-10,333,30,160,-10,275,-10" hai1="6,11,14,32,34,42,49,60,64,69,77,81,87" /><INIT seed="5,5,1,5,0,38" ten="212,363,150,265" oya="1" hai0="52,78,114,53,128,113,74,49,133,115,80,102,54" hai1="64,124,26,3,31,104,5,69,98,56,36,94,108" hai2="0,59,60,63,103,13,19,18,119,65,20,25,122" hai3="27,35,23,71,92,7,2,121,131,135,120,83,127"/><U82/><E124/><V57/><F119/><W66/><G127/><T21/><D133/><U40/><E56/><V28/><F122/><W105/><G105/><T91/><D128/><U118/><E118/><V93/><F0/><W15/><G131/><T14/><D102/><N who="1" m="62551" /><E94/><V81/><F81/><W61/><G135/><T48/><D91/><U12/><E12/><V45/><F45/><W97/><G83/><T46/><D49/><U111/><E82/><V90/><F103/><W89/><G35/><T96/><D96/><U9/><E26/><V116/><F116/><W33/><G33/><T41/><D54/><U24/><E24/><V100/><F100/><W109/><G109/><N who="1" m="42058" /><E31/><V125/><F125/><W34/><G34/><T37/><D37/><U1/><E1/><V88/><F93/><W117/><G2/><T55/><D55/><U42/><E36/><V30/><F30/><W130/><G117/><T85/><D85/><U129/><E129/><V107/><F107/><W51/><G130/><T95/><D95/><U16/><E16/><AGARI ba="5,1" hai="14,16,21,41,46,48,52,53,74,78,80,113,114,115" machi="16" ten="40,8000,1" yaku="15,1,52,1,54,2" doraHai="38" who="0" fromWho="1" sc="212,105,363,-95,150,0,265,0" /><INIT seed="6,0,0,0,0,125" ten="317,268,150,265" oya="2" hai0="121,18,76,65,53,128,69,47,96,111,9,32,122" hai1="75,114,22,54,130,127,36,93,31,13,83,79,90" hai2="49,26,100,120,27,12,94,104,108,77,56,103,3" hai3="24,33,61,39,81,44,38,132,123,117,1,50,109"/><V28/><F108/><W131/><G81/><T105/><D111/><U2/><E2/><V37/><F120/><W135/><G24/><T30/><D76/><U23/><E127/><V78/><F37/><N who="3" m="13835" /><G33/><T80/><D80/><U74/><E36/><V35/><F3/><W58/><G1/><T102/><D18/><U126/><E126/><V45/><F26/><W7/><G7/><T60/><D9/><U67/><E67/><V8/><F56/><W63/><G109/><T98/><D98/><U43/><E43/><V71/><F71/><W51/><G123/><T101/><D101/><U70/><E70/><V133/><F133/><N who="3" m="51275" /><G117/><T112/><D122/><U64/><E64/><V97/><F103/><W91/><G91/><T46/><D121/><U89/><E74/><V116/><F104/><W87/><G87/><T113/><D30/><U41/><E90/><V84/><F84/><W95/><G95/><T19/><D32/><U82/><E82/><V118/><F118/><W59/><G131/><T6/><D6/><U62/><E130/><V72/><F72/><W25/><G25/><T10/><D128/><U5/><E31/><V4/><REACH who="2" step="1"/><F116/><REACH who="2" ten="317,268,140,265" step="2"/><W68/><G68/><N who="0" m="42023" /><D102/><U29/><E75/><V14/><F14/><W85/><G85/><T106/><D69/><U134/><E13/><V110/><F110/><W119/><G119/><T86/><D106/><U0/><E134/><V21/><F21/><W88/><G59/><T92/><D86/><U107/><E23/><V20/><F20/><W42/><G58/><T40/><D105/><U99/><E22/><V124/><F124/><RYUUKYOKU ba="0,1" sc="317,-10,268,-10,140,30,265,-10" hai2="4,8,12,27,28,35,45,49,77,78,94,97,100" /><INIT seed="6,1,1,4,3,78" ten="307,258,170,255" oya="2" hai0="92,58,0,86,68,64,97,85,91,100,132,26,21" hai1="53,38,94,124,14,27,103,4,134,19,127,81,16" hai2="114,65,35,1,73,118,43,71,54,93,22,98,120" hai3="110,10,8,123,108,29,2,111,12,104,107,113,128"/><V119/><F35/><W126/><G123/><T133/><D0/><U9/><E38/><V63/><F120/><W15/><G107/><T129/><D68/><U46/><E134/><N who="0" m="51817" /><D129/><U18/><E27/><V7/><F114/><W56/><G56/><T28/><D91/><U30/><E30/><V79/><F43/><W13/><G104/><T135/><D135/><U44/><E81/><V62/><F1/><W31/><G128/><T72/><D72/><U59/><E94/><V51/><F7/><N who="3" m="1143" /><G113/><T45/><D45/><U122/><E103/><V77/><F62/><AGARI ba="1,1" hai="21,26,28,58,62,64,85,86,92,97,100" m="51817" machi="62" ten="30,2000,0" yaku="25,1,20,1" doraHai="78" who="0" fromWho="2" sc="307,33,258,0,170,-23,255,0" /><INIT seed="7,0,0,5,0,102" ten="340,258,147,255" oya="3" hai0="70,23,108,112,34,46,78,72,94,59,132,122,15" hai1="75,43,54,19,99,67,119,115,127,133,51,39,4" hai2="41,65,91,45,73,14,11,0,84,25,48,107,38" hai3="85,81,79,106,90,24,55,63,20,13,120,18,35"/><W3/><G120/><T105/><D108/><U74/><E115/><V66/><F73/><W62/><G3/><T126/><D70/><U92/><E119/><V121/><F0/><W83/><G55/><T8/><D34/><U114/><E114/><V69/><F121/><W100/><G35/><T5/><D112/><U97/><E133/><V56/><F25/><W7/><G7/><T61/><D122/><U64/><E127/><V88/><F91/><W58/><G13/><T111/><D111/><U86/><E4/><V1/><F1/><W31/><G31/><T110/><D110/><U12/><E43/><V21/><F107/><W16/><G18/><T134/><D105/><U123/><E39/><V104/><F104/><W29/><G29/><T82/><D126/><U95/><E123/><V131/><F131/><W80/><G58/><T36/><D94/><U96/><E74/><V33/><F33/><W135/><G135/><N who="0" m="51755" /><D23/><N who="1" m="11751" /><E75/><V28/><F69/><W17/><G17/><T9/><D9/><U49/><E49/><V37/><F37/><W128/><G128/><T47/><D36/><U124/><E124/><V117/><F117/><W30/><G30/><T68/><D68/><U26/><E26/><V77/><F77/><W130/><G130/><T101/><D101/><U22/><E22/><V125/><F125/><W89/><G89/><T118/><D118/><U44/><E95/><V27/><F38/><W129/><G129/><T57/><D57/><U116/><E116/><V6/><REACH who="2" step="1"/><F56/><REACH who="2" ten="340,258,137,255" step="2"/><W10/><G79/><T52/><AGARI ba="0,1" hai="5,8,15,46,47,52,59,61,72,78,82" m="51755" machi="52" ten="30,2000,0" yaku="20,1,54,1" doraHai="102" who="0" fromWho="0" sc="340,30,258,-5,137,-5,255,-10" owari="370,47.0,253,5.3,132,-36.8,245,-15.5" /></mjloggm>