<mjloggm ver="2.3"><GO type="169" lobby="0"/><UN n0="%44%42%4A" n1="%E8%A6%9A%E9%86%92%E3%81%97%E3%81%9F%E3%81%A8%E3%81%BE%E3%81%A8" n2="%E5%A4%A2%E4%BB%98%E3%81%8D" n3="%6D%61%74%6F%30%36%30%33" dan="16,17,16,18" rate="2159.92,2223.50,2132.37,2220.50" sx="M,M,M,M"/><TAIKYOKU oya="0"/><INIT seed="0,0,0,5,3,111" ten="250,250,250,250" oya="0" hai0="83,105,94,131,119,133,87,22,8,13,62,21,49" hai1="60,98,81,3,109,116,91,47,102,34,80,10,77" hai2="70,90,50,93,33,55,51,95,52,67,27,42,24" hai3="78,103,28,17,53,15,76,11,1,85,18,73,127"/><T36/><D36/><U132/><E109/><V39/><F39/><W61/><G73/><T59/><D105/><U100/><E116/><V121/><F121/><W128/><G28/><T25/><D133/><U20/><E34/><V45/><F42/><W66/><G53/><T23/><D131/><U82/><E132/><V56/><F33/><W44/><G44/><T29/><D119/><U30/><E47/><V114/><F114/><W7/><G128/><T35/><D49/><U113/><E77/><V65/><F95/><W125/><G103/><T97/><D83/><U122/><E122/><V41/><F41/><W84/><G78/><T58/><D87/><N who="3" m="33353" /><G1/><T118/><D118/><U88/><E60/><V135/><F135/><W31/><G31/><T63/><D59/><U123/><E113/><V112/><F112/><W19/><G76/><T120/><D120/><U108/><E108/><V48/><F50/><W69/><G7/><T40/><D40/><U99/><E123/><V129/><F129/><W43/><G43/><T4/><REACH who="0" step="1"/><D58/><REACH who="0" ten="240,250,250,250" step="2"/><U124/><E81/><V57/><F45/><W134/><G134/><T92/><D92/><U107/><E107/><V106/><F106/><W14/><G69/><T26/><D26/><N who="2" m="9770" /><F70/><W64/><G61/><T74/><D74/><U2/><E82/><V101/><F93/><W96/><G96/><T46/><D46/><U71/><E80/><V104/><F104/><W110/><G110/><T72/><D72/><U38/><E71/><V115/><F115/><W79/><G79/><T130/><D130/><U5/><E38/><V75/><F75/><RYUUKYOKU ba="0,1" sc="240,30,250,-10,250,-10,250,-10" hai0="4,8,13,21,22,23,25,29,35,62,63,94,97" /><INIT seed="0,1,1,4,4,17" ten="270,240,240,240" oya="0" hai0="109,7,107,0,80,41,61,76,54,16,38,1,126" hai1="34,129,30,12,110,122,118,113,52,79,132,56,121" hai2="134,135,96,68,4,83,119,81,128,74,72,33,57" hai3="35,125,124,97,59,6,46,24,58,102,87,104,86"/><T131/><D107/><U99/><E118/><V88/><F68/><W49/><G6/><T42/><D126/><N who="3" m="48745" /><G35/><T71/><D131/><U8/><E110/><V116/><F57/><N who="3" m="21515" /><G24/><T9/><D54/><AGARI ba="1,1" hai="46,49,54,86,87,97,102,104" m="21515,48745" machi="54" ten="30,1000,0" yaku="18,1" doraHai="17" who="3" fromWho="0" sc="270,-13,240,0,240,0,240,23" /><INIT seed="1,0,0,2,4,17" ten="257,240,240,263" oya="1" hai0="121,87,75,109,16,70,110,122,56,34,64,81,129" hai1="44,101,131,79,126,42,61,30,11,21,25,119,39" hai2="10,20,99,43,63,0,89,118,114,3,133,74,48" hai3="108,14,35,76,59,86,27,73,135,29,52,117,60"/><U106/><E119/><V132/><F118/><W4/><G117/><T22/><D75/><U72/><E131/><V33/><F74/><W98/><G108/><N who="0" m="41579" /><D34/><U69/><E126/><V116/><F33/><W36/><G135/><T5/><D5/><U55/><E11/><V58/><F116/><W123/><G123/><N who="0" m="47115" /><D70/><U53/><E79/><V105/><F114/><W19/><G36/><T18/><D129/><U112/><E112/><V80/><F0/><W103/><G73/><T66/><D56/><U90/><E90/><V40/><F3/><W85/><G76/><N who="0" m="46503" /><D18/><U15/><E72/><V127/><F58/><W111/><G4/><T13/><AGARI ba="0,0" hai="13,16,22,64,66" m="46503,47115,41579" machi="13" ten="30,7900,0" yaku="14,1,13,1,52,1,54,1" doraHai="17" who="0" fromWho="0" sc="257,79,240,-39,240,-20,263,-20" /><INIT seed="2,0,0,5,1,32" ten="336,201,220,243" oya="2" hai0="20,24,60,86,91,106,66,50,84,37,53,15,101" hai1="25,93,121,12,7,105,94,81,61,22,18,125,4" hai2="14,78,35,69,38,128,1,11,42,132,65,0,116" hai3="51,36,129,44,31,57,13,19,80,82,123,33,85"/><V104/><F116/><W88/><G123/><T95/><D37/><U28/><E121/><V108/><F78/><W92/><G129/><T87/><D106/><U120/><E120/><V113/><F113/><W110/><G110/><T96/><D15/><U124/><E105/><V5/><F128/><W47/><G33/><T74/><D74/><U131/><E61/><N who="2" m="40111" /><F14/><W43/><G31/><T71/><D50/><U90/><E81/><V76/><F76/><W122/><G122/><T3/><D3/><U77/><E77/><V16/><F16/><W62/><G44/><T130/><D53/><U45/><E45/><N who="2" m="23767" /><F132/><W97/><G36/><T9/><D9/><U109/><E109/><V54/><F54/><W27/><G27/><T72/><D72/><U79/><E79/><V89/><F89/><W103/><G19/><T75/><D75/><U64/><E131/><V67/><F67/><W133/><G13/><T102/><REACH who="0" step="1"/><D130/><REACH who="0" ten="326,201,220,243" step="2"/><U115/><E12/><V68/><F108/><W40/><G40/><T2/><D2/><U117/><E64/><V17/><F1/><W100/><G133/><T52/><D52/><U111/><E111/><V8/><F104/><W39/><G39/><T118/><D118/><U59/><E117/><V56/><F0/><W55/><REACH who="3" step="1"/><G103/><REACH who="3" ten="326,201,220,233" step="2"/><T30/><AGARI ba="0,2" hai="20,24,30,60,66,71,84,86,87,91,95,96,101,102" machi="30" ten="30,2000,0" yaku="1,1,0,1,53,0" doraHai="32" doraHaiUra="112" who="0" fromWho="0" sc="326,40,201,-5,220,-10,233,-5" /><INIT seed="3,0,0,1,3,124" ten="366,196,210,228" oya="3" hai0="135,47,25,39,91,53,50,123,83,81,127,51,88" hai1="67,35,113,17,75,27,69,22,108,128,8,10,13" hai2="70,65,72,16,23,59,6,96,60,36,110,76,57" hai3="121,92,64,97,106,131,109,19,30,62,133,11,45"/><W98/><G121/><T99/><D127/><U95/><E75/><V55/><F110/><W12/><G109/><T71/><D135/><U24/><E95/><V134/><F134/><W78/><G133/><T120/><D39/><U54/><E54/><V86/><F72/><W5/><G106/><T56/><D71/><U7/><E67/><V125/><F125/><W33/><G5/><T116/><D116/><U9/><E69/><V52/><F36/><W132/><G132/><T74/><D74/><U4/><E108/><V46/><F6/><N who="1" m="2089" /><E113/><V101/><F70/><W2/><G2/><T82/><D25/><N who="1" m="9803" /><E128/><V14/><F46/><W28/><G131/><T49/><D99/><U20/><E35/><V1/><F1/><W29/><G33/><T89/><D47/><U94/><E94/><N who="2" m="58519" /><F59/><N who="3" m="36959" /><G78/><T119/><D119/><U26/><E20/><V40/><F40/><W129/><G129/><T68/><D68/><U104/><E104/><V85/><F85/><W38/><G38/><T77/><D77/><U122/><E122/><V44/><F44/><W42/><G92/><T105/><D105/><U90/><E90/><V118/><F118/><W66/><G66/><T111/><D111/><U102/><E102/><V103/><F103/><W34/><G34/><T93/><D93/><U15/><AGARI ba="0,0" hai="8,9,10,13,15,17,22,26" m="9803,2089" machi="15" ten="40,12000,2" yaku="8,1,35,5" doraHai="124" who="1" fromWho="1" sc="366,-30,196,120,210,-30,228,-60" /><INIT seed="4,0,0,1,3,111" ten="336,316,180,168" oya="0" hai0="58,84,96,122,4,71,72,73,104,30,131,7,108" hai1="55,2,99,86,3,26,16,27,23,40,123,83,74" hai2="118,112,92,68,48,132,33,97,134,1,69,19,32" hai3="34,22,135,124,82,18,129,56,35,51,13,8,43"/><T87/><D71/><N who="2" m="27210" /><F1/><W20/><G129/><T21/><D108/><U76/><E123/><V47/><F19/><W109/><G109/><T116/><D122/><U11/><E11/><V100/><F118/><W62/><G124/><T81/><D131/><U120/><E120/><V121/><F121/><W105/><G105/><T0/><D116/><U29/><E40/><N who="2" m="24679" /><F112/><W114/><G114/><T133/><D104/><U65/><E65/><V79/><F79/><W5/><G135/><AGARI ba="0,0" hai="32,33,92,97,100,132,134,135" m="24679,27210" machi="135" ten="30,1000,0" yaku="20,1" doraHai="111" who="2" fromWho="3" sc="336,0,316,0,180,10,168,-10" /><INIT seed="5,0,0,0,5,115" ten="336,316,190,158" oya="1" hai0="118,19,6,59,134,133,9,63,7,78,102,107,13" hai1="75,117,104,48,10,99,76,135,113,37,34,16,132" hai2="36,65,116,53,27,72,39,25,90,30,70,43,18" hai3="22,21,12,20,93,0,44,61,101,124,96,54,28"/><U112/><E37/><V67/><F116/><W35/><G0/><T103/><D78/><U46/><E34/><V80/><F53/><W50/><G124/><T62/><D107/><U29/><E29/><V106/><F106/><W56/><G35/><T2/><D63/><U83/><E99/><V49/><F18/><W57/><G57/><T42/><D42/><N who="1" m="24663" /><E104/><V125/><F125/><W92/><G92/><T47/><D47/><U122/><E122/><V74/><F43/><W60/><G60/><T31/><D31/><U94/><E94/><V23/><F30/><W68/><G68/><T14/><D2/><U77/><E77/><V81/><F70/><W82/><G82/><T84/><D84/><U17/><E117/><V130/><F49/><W33/><G33/><T108/><D118/><U131/><E131/><V64/><F130/><W51/><G51/><T123/><D123/><U111/><E111/><V86/><F74/><W66/><REACH who="3" step="1"/><G12/><REACH who="3" ten="336,316,190,148" step="2"/><T87/><D13/><N who="1" m="7223" /><E113/><V11/><F80/><W91/><G91/><T100/><D108/><U26/><E112/><V4/><F81/><W58/><G58/><T120/><D120/><U3/><E3/><V69/><F90/><W98/><G98/><T95/><D59/><U114/><E114/><V8/><F69/><W105/><G105/><T40/><D62/><U121/><E121/><V38/><F36/><W97/><G97/><T32/><D32/><U126/><E126/><V5/><F39/><W41/><G41/><T24/><D40/><U129/><E129/><V73/><F38/><W71/><G71/><T45/><D14/><RYUUKYOKU ba="0,1" sc="336,-15,316,15,190,-15,148,15" hai1="17,26,75,76,83,132,135" hai3="20,21,22,28,44,50,54,56,61,66,93,96,101" /><INIT seed="5,1,1,0,3,116" ten="321,331,175,163" oya="1" hai0="97,72,67,32,11,98,70,85,91,127,23,12,49" hai1="21,9,82,96,13,66,7,59,95,43,88,14,27" hai2="50,92,20,44,89,57,106,100,58,109,79,56,78" hai3="122,93,83,51,111,39,42,73,86,52,134,25,5"/><U31/><E43/><V2/><F109/><W48/><G111/><T26/><D32/><U132/><E132/><V6/><F106/><W47/><G134/><T129/><D72/><U130/><E130/><V99/><F20/><W69/><G69/><T15/><D67/><U108/><E108/><V37/><F37/><W119/><G119/><T124/><D70/><U76/><E13/><V110/><F110/><W94/><G122/><T135/><D135/><U3/><E3/><V63/><F100/><W18/><G5/><T36/><D36/><U68/><E68/><V34/><F34/><W46/><G73/><T29/><D129/><U64/><REACH who="1" step="1"/><E59/><REACH who="1" ten="321,321,175,163" step="2"/><V0/><F57/><W113/><G39/><T131/><D131/><U53/><E53/><V10/><F56/><W45/><G47/><T17/><D15/><U105/><E105/><V55/><F2/><W104/><G104/><T74/><D74/><AGARI ba="1,2" hai="7,9,14,21,27,31,64,66,74,76,82,88,95,96" machi="74" ten="30,12000,1" yaku="1,1,7,1,54,1,53,2" doraHai="116" doraHaiUra="60" who="1" fromWho="0" sc="321,-123,321,143,175,0,163,0" /><INIT seed="5,2,0,4,3,111" ten="198,464,175,163" oya="1" hai0="11,130,20,69,35,38,61,78,64,97,133,23,116" hai1="24,0,101,114,15,56,118,74,88,36,89,13,108" hai2="95,129,83,96,14,86,8,66,99,1,58,107,62" hai3="70,2,81,39,63,117,85,55,84,3,42,93,53"/><U105/><E0/><V60/><F129/><W32/><G32/><T110/><D130/><U12/><E108/><V47/><F1/><W43/><G117/><T22/><D110/><U103/><E118/><V68/><F107/><W59/><G70/><T72/><D116/><U121/><E121/><V67/><F95/><W122/><G122/><T7/><D35/><U21/><E36/><V131/><F47/><W25/><G25/><T125/><D125/><U112/><E74/><V19/><REACH who="2" step="1"/><F131/><REACH who="2" ten="198,464,165,163" step="2"/><W27/><G93/><T126/><D126/><U49/><E105/><V54/><F54/><W18/><G55/><T29/><D133/><U102/><E56/><V100/><F100/><W17/><G59/><T26/><D97/><U134/><E134/><V128/><F128/><W45/><G45/><T44/><D44/><U52/><E52/><V82/><F82/><W6/><G81/><T73/><D38/><U65/><E65/><V37/><F37/><W87/><G3/><T28/><D78/><AGARI ba="2,1" hai="8,14,19,58,60,62,66,67,68,78,83,86,96,99" machi="78" ten="30,2000,0" yaku="1,1,7,1,53,0" doraHai="111" doraHaiUra="115" who="2" fromWho="0" sc="198,-26,464,0,165,36,163,0" /><INIT seed="6,0,0,2,5,129" ten="172,464,201,163" oya="2" hai0="117,115,48,3,0,77,132,13,66,120,125,18,8" hai1="94,23,16,15,53,101,1,24,28,64,46,37,63" hai2="111,75,6,10,4,57,86,89,96,95,34,113,131" hai3="70,93,58,134,116,133,38,71,21,79,84,33,119"/><V41/><F75/><W68/><G33/><T14/><D77/><U45/><E1/><N who="0" m="585" /><D66/><U91/><E101/><V102/><F34/><W106/><G106/><T44/><D48/><U85/><E37/><V61/><F113/><W30/><G38/><T107/><D44/><U54/><E46/><V35/><F35/><W36/><G36/><T17/><D107/><U126/><E126/><V20/><F131/><W118/><G58/><T124/><D120/><U127/><E45/><V99/><F111/><W12/><G79/><T67/><D67/><U100/><E100/><V2/><F6/><W27/><REACH who="3" step="1"/><G12/><REACH who="3" ten="172,464,201,153" step="2"/><T69/><D69/><U51/><E127/><N who="0" m="48713" /><D117/><U80/><E51/><V114/><F57/><W74/><G74/><T47/><D47/><U22/><E94/><V90/><F95/><W83/><G83/><T52/><D115/><U7/><E7/><V72/><F4/><W92/><G92/><T65/><D65/><U50/><E50/><V108/><F72/><W55/><G55/><T112/><D52/><U32/><E32/><V110/><F110/><W128/><G128/><T88/><D112/><U104/><E104/><V123/><F108/><W130/><G130/><T98/><D98/><U87/><E85/><V31/><F96/><W97/><G97/><T82/><D82/><U40/><E40/><V42/><F86/><W43/><G43/><T9/><D88/><AGARI ba="0,1" hai="21,27,30,68,70,71,84,88,93,116,118,119,133,134" machi="88" ten="50,8000,1" yaku="1,1,52,2,54,1,53,0" doraHai="129" doraHaiUra="29" who="3" fromWho="0" sc="172,-80,464,0,201,0,153,90" /><INIT seed="7,0,0,4,0,100" ten="92,464,201,243" oya="3" hai0="102,115,114,124,14,36,21,81,98,26,55,29,28" hai1="25,94,85,42,65,5,63,38,82,106,74,129,31" hai2="18,50,135,30,127,41,130,13,109,46,86,77,121" hai3="32,117,40,69,76,64,11,131,107,61,66,2,68"/><W125/><G32/><T79/><D36/><U112/><E106/><V59/><F109/><W43/><G125/><T9/><D55/><U22/><E112/><N who="0" m="43049" /><D14/><U104/><E104/><V134/><F127/><W97/><G117/><T91/><D9/><U37/><E129/><V113/><F113/><W83/><G131/><T6/><D6/><U132/><E74/><V101/><F130/><W88/><G2/><T1/><D1/><U7/><E132/><N who="2" m="50731" /><F101/><W0/><G0/><T62/><D62/><U105/><E105/><V24/><F59/><W34/><G107/><N who="0" m="63959" /><D21/><U8/><E94/><V128/><F128/><W10/><G69/><T48/><D48/><U103/><E103/><V92/><F18/><W23/><G68/><T89/><D26/><U47/><E8/><V52/><F13/><W119/><G61/><T70/><D70/><U108/><E37/><V110/><F24/><W118/><G23/><T99/><D28/><U96/><E96/><V90/><F30/><W80/><G11/><T16/><D16/><U51/><E38/><V133/><F133/><W57/><G10/><T84/><D29/><U95/><E95/><V73/><F92/><W120/><G34/><T122/><D124/><U35/><E35/><V78/><F46/><W56/><G56/><T19/><D19/><U15/><E15/><V54/><F50/><W44/><G57/><T123/><D99/><U33/><E33/><V71/><F54/><W27/><G44/><T4/><D4/><U75/><E75/><V39/><F71/><W12/><G97/><T126/><D126/><U72/><E47/><RYUUKYOKU ba="0,0" sc="92,30,464,-10,201,-10,243,-10" hai0="79,81,84,89,91,122,123" owari="122,-37.8,454,55.4,191,-20.9,233,3.3" /></mjloggm>