<mjloggm ver="2.3"><GO type="169" lobby="0"/><UN n0="%E3%83%87%E3%82%B6%E3%83%BC%E3%83%A2" n1="%4E%4E%4E%4A%43" n2="%6B%69%72%61%72%69%79%75" n3="%E3%81%82%E3%81%84%E3%81%93%E3%81%99" dan="16,16,17,16" rate="2083.62,2171.61,2180.26,2108.81" sx="M,M,M,M"/><TAIKYOKU oya="0"/><INIT seed="0,0,0,3,3,93" ten="250,250,250,250" oya="0" hai0="130,73,122,6,98,111,117,53,19,67,97,32,56" hai1="105,107,85,132,38,24,14,78,21,68,114,35,94" hai2="25,10,101,18,48,64,96,72,83,87,120,106,99" hai3="59,33,69,0,116,23,124,125,22,9,50,115,62"/><T109/><D122/><U126/><E68/><V27/><F120/><W102/><G115/><T108/><D117/><U28/><E38/><V12/><F72/><W51/><G116/><T110/><D73/><U89/><E126/><N who="3" m="48746" /><G33/><T11/><D32/><U70/><E70/><V57/><F99/><W95/><G69/><T113/><D113/><U29/><E132/><V54/><REACH who="2" step="1"/><F64/><REACH who="2" ten="250,250,240,250" step="2"/><N who="3" m="39007" /><G51/><N who="0" m="30783" /><D111/><U76/><E114/><V8/><F8/><W92/><G50/><T58/><D130/><U135/><E135/><V17/><F17/><W75/><G75/><T118/><D19/><U65/><E65/><V128/><F128/><W129/><G129/><T121/><D121/><U103/><E29/><V42/><F42/><W60/><G60/><N who="0" m="38295" /><D118/><U61/><E61/><V36/><F36/><W119/><G119/><T79/><D79/><AGARI ba="0,1" hai="10,12,18,25,27,48,54,57,79,83,87,96,101,106" machi="79" ten="30,3900,0" yaku="1,1,7,1,52,1,53,0" doraHai="93" doraHaiUra="40" who="2" fromWho="0" sc="250,-39,250,0,240,49,250,0" /><INIT seed="1,0,0,3,4,16" ten="211,250,289,250" oya="1" hai0="123,84,83,34,62,45,44,117,73,93,71,61,1" hai1="60,14,30,67,15,111,39,69,55,105,5,53,74" hai2="27,72,21,127,41,42,88,101,0,20,122,113,52" hai3="24,85,90,38,120,59,70,36,128,121,131,12,26"/><U68/><E105/><V77/><F122/><W91/><G59/><T2/><D34/><U95/><E39/><V22/><F0/><W49/><G49/><T43/><D123/><U29/><E74/><V9/><F127/><W118/><G12/><T78/><D117/><U92/><E111/><V35/><F113/><W94/><G94/><T40/><D62/><U10/><E68/><V104/><F9/><W106/><G85/><T31/><D31/><U19/><E30/><V135/><F135/><W102/><G102/><T50/><D71/><U103/><E29/><V18/><F35/><W89/><G89/><T129/><D61/><U107/><E107/><V126/><F126/><W119/><G106/><T65/><D65/><U82/><E82/><V33/><F33/><W79/><G79/><T4/><D129/><U37/><E37/><V63/><F104/><W130/><G131/><T46/><D46/><U58/><E103/><V17/><F72/><W110/><G70/><T28/><D28/><U64/><E69/><V51/><F63/><W133/><G110/><T23/><D4/><U47/><E64/><V99/><F101/><W75/><G75/><T112/><D112/><U100/><E100/><V3/><F3/><W109/><G109/><T76/><D93/><N who="1" m="35915" /><E47/><N who="2" m="27775" /><F77/><W25/><G133/><T7/><D78/><U98/><E98/><V80/><F99/><W57/><G128/><T48/><D73/><U66/><E66/><V87/><F27/><W115/><G130/><T134/><D134/><U96/><E96/><V13/><F13/><W56/><G24/><T6/><D2/><RYUUKYOKU ba="0,0" sc="211,-30,250,10,289,10,250,10" hai1="5,10,14,15,19,53,55,58,60,67" hai2="17,18,20,21,22,41,42,80,87,88" hai3="25,26,36,38,56,57,90,91,115,118,119,120,121" /><INIT seed="1,1,0,2,3,42" ten="181,260,299,260" oya="1" hai0="87,94,133,111,43,135,134,21,81,33,90,127,36" hai1="123,92,120,69,19,45,70,63,106,60,26,6,22" hai2="79,13,54,125,47,103,9,71,34,118,50,80,129" hai3="2,78,61,86,75,38,44,16,101,40,122,57,116"/><U109/><E106/><V35/><F118/><W95/><G122/><T108/><D33/><U51/><E6/><V72/><F129/><W30/><G116/><T25/><D36/><U62/><E92/><V27/><F71/><W82/><G30/><T132/><D43/><U23/><E109/><N who="0" m="42057" /><D21/><U59/><E59/><V66/><F66/><W73/><G2/><T28/><D25/><U110/><E110/><V7/><F125/><W104/><G104/><T46/><D28/><U85/><E85/><V3/><F103/><W76/><G76/><N who="0" m="46503" /><D46/><U20/><E26/><V32/><REACH who="2" step="1"/><F27/><REACH who="2" ten="181,260,289,260" step="2"/><W64/><G101/><T83/><D135/><U5/><E70/><V113/><F113/><W56/><G75/><T18/><D127/><U77/><E69/><V14/><AGARI ba="1,1" hai="3,7,9,13,14,32,34,35,47,50,54,72,79,80" machi="14" ten="40,5200,0" yaku="1,1,0,1,52,1,53,0" doraHai="42" doraHaiUra="17" who="2" fromWho="2" sc="181,-14,260,-27,289,65,260,-14" /><INIT seed="2,0,0,5,4,61" ten="167,233,354,246" oya="2" hai0="121,114,89,105,24,30,127,20,98,54,81,101,19" hai1="2,13,64,92,74,22,10,23,135,66,79,47,49" hai2="87,106,69,83,8,120,112,7,14,39,80,0,103" hai3="32,67,17,82,27,58,60,42,44,1,77,15,134"/><V36/><F120/><W26/><G1/><T37/><D121/><U126/><E2/><V18/><F112/><W133/><G32/><T34/><D114/><U94/><E126/><V110/><F69/><W91/><G91/><T31/><D127/><U131/><E131/><V111/><F106/><W57/><G57/><T96/><D37/><U55/><E135/><V33/><F33/><W109/><G109/><N who="2" m="41481" /><F103/><W116/><G116/><T21/><D34/><U99/><E79/><N who="2" m="46495" /><F83/><W128/><G128/><T11/><D11/><AGARI ba="0,0" hai="0,7,8,11,14,18,36,39" m="46495,41481" machi="11" ten="30,2900,0" yaku="14,1,10,1" doraHai="61" who="2" fromWho="0" sc="167,-29,233,0,354,29,246,0" /><INIT seed="2,1,0,1,0,21" ten="138,233,383,246" oya="2" hai0="33,120,99,61,11,26,103,38,111,5,6,105,2" hai1="27,135,113,107,100,25,29,46,3,59,28,108,39" hai2="15,67,110,62,109,32,63,58,84,42,20,57,112" hai3="96,75,89,53,50,0,118,116,86,104,87,91,51"/><V52/><F112/><W80/><G0/><T47/><D120/><U13/><E3/><V45/><F32/><W55/><G75/><T70/><D111/><N who="2" m="42506" /><F84/><W76/><G76/><T14/><D6/><U81/><E113/><V44/><F20/><W101/><G51/><T123/><D14/><U117/><E117/><V18/><F18/><W12/><G12/><T133/><D123/><U4/><E135/><V65/><F15/><W34/><G34/><T1/><D1/><U19/><E4/><V24/><F24/><N who="1" m="9289" /><E39/><N who="2" m="21599" /><F45/><W130/><G55/><AGARI ba="1,0" hai="52,55,57,58,62,63,65,67" m="21599,42506" machi="55" ten="30,12000,1" yaku="14,1,10,1,34,2,54,1" doraHai="21" who="2" fromWho="3" sc="138,0,233,0,383,123,246,-123" /><INIT seed="2,2,0,1,4,26" ten="138,233,506,123" oya="2" hai0="29,97,42,73,45,78,53,81,20,38,52,12,64" hai1="102,87,25,10,17,57,122,36,0,84,134,95,46" hai2="108,86,33,60,75,31,43,77,19,119,123,50,114" hai3="106,32,69,92,40,121,89,5,2,83,63,125,74"/><V85/><F114/><W22/><G121/><T7/><D64/><U6/><E134/><V133/><F123/><W90/><G106/><T35/><D97/><U49/><E122/><V99/><F119/><W105/><G105/><T13/><D35/><U44/><E57/><V51/><F133/><W117/><G117/><T118/><D118/><U8/><E36/><V62/><F19/><W68/><G32/><T129/><D129/><U24/><E46/><V79/><F99/><W54/><G40/><T9/><REACH who="0" step="1"/><D13/><REACH who="0" ten="128,233,506,123" step="2"/><U30/><E0/><V112/><F33/><W18/><G2/><T116/><D116/><U131/><E131/><V93/><F112/><W113/><G113/><T128/><D128/><U71/><E71/><V98/><F98/><W21/><G69/><T100/><D100/><U130/><E102/><V41/><F108/><W15/><G68/><T27/><AGARI ba="2,1" hai="7,9,12,20,27,29,38,42,45,52,53,73,78,81" machi="27" ten="30,7900,0" yaku="1,1,0,1,52,1,54,1,53,0" doraHai="26" doraHaiUra="14" who="0" fromWho="0" sc="128,95,233,-22,506,-41,123,-22" /><INIT seed="3,0,0,3,2,20" ten="223,211,465,101" oya="3" hai0="75,32,129,62,28,74,116,130,12,57,42,58,68" hai1="97,34,110,86,109,8,21,26,55,4,14,72,90" hai2="18,99,61,96,22,6,83,132,56,102,126,119,104" hai3="121,63,15,112,103,43,73,127,24,114,113,78,9"/><W70/><G121/><T76/><D116/><U2/><E72/><V123/><F119/><W65/><G127/><T131/><D42/><U69/><E69/><V120/><F126/><W108/><G108/><N who="1" m="41578" /><E97/><V71/><F71/><W89/><G103/><T134/><D134/><U29/><E55/><V48/><F48/><W133/><G133/><T101/><D101/><U92/><E21/><V54/><F6/><W93/><G43/><T27/><D12/><AGARI ba="0,0" hai="2,4,8,12,14,26,29,34,86,90,92" m="41578" machi="12" ten="30,2000,0" yaku="14,1,52,1" doraHai="20" who="1" fromWho="0" sc="223,-20,211,20,465,0,101,0" /><INIT seed="4,0,0,2,3,132" ten="203,231,465,101" oya="0" hai0="115,72,110,21,106,16,80,49,54,18,126,123,63" hai1="120,128,35,119,11,28,64,5,38,19,125,61,6" hai2="135,59,100,96,55,124,117,76,118,57,29,51,33" hai3="66,105,84,74,12,17,39,13,107,98,40,30,104"/><T131/><D123/><U134/><E38/><V73/><F135/><W86/><G74/><T127/><D106/><U56/><E134/><V68/><F68/><W108/><G108/><T111/><D115/><U31/><E120/><V24/><F59/><W43/><G30/><T23/><D63/><U102/><E119/><N who="2" m="45579" /><F76/><W90/><G66/><T92/><D92/><U91/><E102/><V122/><F73/><W112/><G112/><T62/><D62/><U71/><E128/><V53/><F53/><W97/><G17/><N who="0" m="6763" /><D131/><U83/><E19/><V45/><F57/><W65/><G90/><T99/><D99/><U47/><E5/><V116/><F122/><W88/><G65/><T133/><D133/><U130/><E130/><V60/><F60/><W77/><G88/><T1/><D1/><U103/><E103/><V41/><F55/><W93/><G93/><T82/><D82/><U25/><E71/><V87/><F87/><W69/><G69/><T95/><D95/><U109/><E31/><V52/><F41/><W121/><G107/><T85/><D85/><U79/><E91/><V22/><F33/><W44/><G121/><T78/><D111/><U48/><E109/><V14/><F116/><W20/><G77/><T9/><D9/><U4/><E79/><V10/><F96/><W36/><G20/><N who="0" m="7755" /><D110/><U0/><E83/><V8/><F8/><W2/><G2/><T94/><D94/><U7/><E11/><V70/><F70/><W75/><G75/><T50/><D54/><N who="1" m="29983" /><E0/><V129/><F129/><W46/><AGARI ba="0,0" hai="12,13,36,39,40,43,44,46,84,86,97,98,104,105" machi="46" ten="25,3200,0" yaku="0,1,22,2" doraHai="132" who="3" fromWho="3" sc="203,-16,231,-8,465,-8,101,32" /><INIT seed="5,0,0,0,0,29" ten="187,223,457,133" oya="1" hai0="3,75,6,41,4,109,125,90,124,64,26,84,135" hai1="65,89,110,99,121,83,129,11,43,28,1,13,25" hai2="60,12,2,111,19,115,127,97,38,71,81,61,44" hai3="35,23,67,118,55,72,53,134,101,103,120,78,128"/><U70/><E121/><V27/><F111/><W40/><G120/><T42/><D109/><U114/><E1/><V5/><F127/><W37/><G134/><T39/><D75/><U14/><E114/><V108/><F27/><W62/><G128/><T15/><D3/><U86/><E129/><V113/><F108/><W100/><G23/><T59/><D39/><U50/><E110/><V8/><F97/><W88/><G78/><T91/><D135/><U94/><E70/><V96/><F96/><W7/><G72/><T85/><D64/><U52/><E43/><N who="2" m="22647" /><F81/><W95/><G7/><T47/><D59/><U131/><E65/><V20/><F71/><W57/><G118/><T106/><D106/><U77/><E131/><V98/><F98/><W133/><G133/><T54/><D26/><U9/><E13/><V21/><F21/><W68/><G35/><T105/><D105/><U66/><E14/><V56/><F56/><W10/><G10/><T58/><D58/><U116/><E66/><V102/><F102/><W104/><G104/><T49/><D15/><U33/><REACH who="1" step="1"/><E116/><REACH who="1" ten="187,213,457,133" step="2"/><V31/><F115/><W112/><G112/><T82/><D125/><U16/><E16/><V123/><F113/><W126/><G126/><T18/><D124/><U30/><E30/><V76/><F31/><W107/><G107/><T122/><D18/><U74/><E74/><V80/><F123/><W36/><G40/><T51/><D122/><U46/><AGARI ba="0,1" hai="9,11,25,28,33,46,50,52,77,83,86,89,94,99" machi="46" ten="20,12000,1" yaku="1,1,0,1,7,1,52,1,54,1,53,0" doraHai="29" doraHaiUra="132" who="1" fromWho="1" sc="187,-40,213,130,457,-40,133,-40" /><INIT seed="5,1,0,3,4,109" ten="147,343,417,93" oya="1" hai0="103,0,135,46,102,43,38,32,51,30,132,66,3" hai1="44,87,75,72,104,90,37,82,78,22,26,68,50" hai2="130,27,92,34,133,115,67,57,106,125,15,58,126" hai3="2,113,18,60,85,28,120,73,118,29,76,23,129"/><U122/><E122/><V80/><F106/><W13/><G120/><T8/><D66/><U49/><E68/><V83/><F133/><N who="0" m="51274" /><D38/><U31/><E104/><V36/><F130/><W70/><G129/><T41/><D41/><U100/><E100/><N who="0" m="38441" /><D8/><U119/><E119/><V114/><F36/><W89/><G2/><T47/><D47/><U71/><E71/><V19/><F92/><W77/><G118/><T105/><D105/><U7/><E7/><V128/><F128/><W64/><G73/><T81/><D81/><N who="2" m="31306" /><F27/><AGARI ba="1,0" hai="0,3,27,30,32,43,46,51" m="38441,51274" machi="27" ten="30,1000,0" yaku="20,1" doraHai="109" who="0" fromWho="2" sc="147,13,343,0,417,-13,93,0" /><INIT seed="6,0,0,0,4,6" ten="160,343,404,93" oya="2" hai0="46,53,62,36,107,126,118,135,26,125,105,24,88" hai1="120,116,96,19,2,106,63,59,15,8,85,124,83" hai2="0,5,44,129,104,58,49,50,99,112,92,23,127" hai3="90,52,3,34,37,20,10,94,130,77,86,39,70"/><V1/><F104/><W42/><G34/><T123/><D123/><U103/><E116/><V73/><F112/><W35/><G35/><T25/><D118/><U84/><E120/><V128/><F73/><W95/><G130/><T117/><D135/><U31/><E124/><V69/><F69/><W71/><G20/><T22/><D117/><U51/><E2/><V7/><F127/><W64/><G77/><T18/><D125/><U131/><E131/><V68/><F68/><W21/><G21/><T47/><D126/><U12/><E31/><V119/><F23/><W111/><G111/><T133/><D133/><U57/><E57/><V75/><F75/><W48/><G64/><T11/><D11/><U72/><E51/><V79/><F58/><W14/><G3/><T93/><D107/><U76/><REACH who="1" step="1"/><E15/><REACH who="1" ten="160,333,404,93" step="2"/><V80/><F119/><W38/><G42/><T115/><D115/><U4/><E4/><V134/><F50/><W41/><G41/><T102/><D36/><U91/><E91/><V81/><F49/><W110/><G110/><T78/><D88/><U101/><E101/><V98/><F0/><W56/><REACH who="3" step="1"/><G95/><REACH who="3" ten="160,333,404,83" step="2"/><T13/><D93/><U121/><E121/><V132/><F92/><W54/><G54/><AGARI ba="0,2" hai="8,12,19,54,59,63,72,76,83,84,85,96,103,106" machi="54" ten="30,3900,0" yaku="1,1,7,1,52,1,53,0" doraHai="6" doraHaiUra="45" who="1" fromWho="3" sc="160,0,333,59,404,0,83,-39" /><INIT seed="7,0,0,5,4,73" ten="160,392,404,44" oya="3" hai0="101,15,100,68,78,120,75,10,37,31,72,16,13" hai1="127,126,90,62,87,118,99,27,0,26,12,40,23" hai2="32,132,24,54,58,91,124,14,33,108,1,125,36" hai3="111,18,43,5,84,104,25,48,51,52,112,129,60"/><W35/><G112/><T19/><D37/><U77/><E0/><V96/><F108/><W11/><G111/><T135/><D68/><U41/><E99/><V94/><F132/><W116/><G116/><T71/><D71/><U56/><E12/><V8/><F1/><W122/><G122/><T109/><D31/><U20/><E118/><V44/><F44/><W61/><G129/><T67/><D67/><U28/><E126/><N who="2" m="48747" /><F24/><W79/><G104/><T117/><D109/><U53/><E127/><V86/><F96/><W66/><G43/><T106/><D117/><U93/><E77/><V39/><F39/><W89/><G48/><T92/><D78/><U123/><E123/><V128/><F36/><W103/><G103/><T76/><D76/><U64/><E64/><V30/><F30/><AGARI ba="0,0" hai="20,23,26,27,28,30,40,41,53,56,62,87,90,93" machi="30" ten="30,3900,0" yaku="7,1,9,1,8,1" doraHai="73" who="1" fromWho="2" sc="160,0,392,39,404,-39,44,0" owari="160,-24.0,431,53.1,365,16.5,44,-45.6" /></mjloggm>