<mjloggm ver="2.3"><GO type="169" lobby="0"/><UN n0="%42%41%52%34" n1="%73%6F%63%63%68%79" n2="%41%4C%50%45%52%49%4E" n3="%E3%82%B7%E3%83%A9%E3%80%82" dan="16,18,16,17" rate="2136.11,2262.07,2103.25,2240.83" sx="M,M,M,M"/><TAIKYOKU oya="0"/><INIT seed="0,0,0,3,1,60" ten="250,250,250,250" oya="0" hai0="22,13,36,18,27,115,69,84,32,37,99,6,67" hai1="103,125,132,4,134,47,92,8,49,63,90,71,25" hai2="40,93,120,79,112,33,9,85,106,41,12,34,74" hai3="11,0,118,94,52,100,5,78,128,83,82,48,123"/><T86/><D115/><U45/><E103/><V54/><F106/><W31/><G128/><T114/><D114/><U95/><E25/><V105/><F105/><W104/><G104/><T70/><D99/><U65/><E95/><V56/><F112/><W117/><G123/><T109/><D70/><U107/><E125/><V72/><F120/><W28/><G83/><T124/><D124/><U77/><E77/><V66/><F74/><W91/><G100/><T30/><D86/><U44/><E49/><V102/><F72/><W88/><G117/><T119/><D119/><U57/><E71/><V20/><F20/><W122/><G118/><T3/><D84/><U15/><REACH who="1" step="1"/><E107/><REACH who="1" ten="250,240,250,250" step="2"/><V29/><F93/><W43/><G122/><T24/><D24/><U14/><E14/><V130/><F102/><W19/><G94/><T2/><D109/><U1/><E1/><V42/><F12/><W116/><G116/><T46/><D2/><U97/><AGARI ba="0,1" hai="4,8,15,44,45,47,57,63,65,90,92,97,132,134" machi="97" ten="30,4000,0" yaku="1,1,0,1,52,1,53,0" doraHai="60" doraHaiUra="113" who="1" fromWho="1" sc="250,-20,240,50,250,-10,250,-10" /><INIT seed="1,0,0,2,5,84" ten="230,290,240,240" oya="1" hai0="104,123,79,9,30,134,52,8,72,15,96,112,103" hai1="50,27,108,56,95,90,125,86,6,42,81,133,43" hai2="13,119,17,111,33,78,92,57,91,113,69,12,21" hai3="1,64,0,10,71,116,135,122,85,82,74,131,115"/><U38/><E38/><V94/><F69/><W65/><G65/><T60/><D30/><U88/><E133/><V4/><F113/><W101/><G101/><T62/><D72/><U19/><E125/><V105/><F105/><W48/><G48/><T117/><D79/><U7/><E108/><V59/><F33/><W87/><G64/><T89/><D112/><U129/><E129/><V98/><F111/><W32/><G87/><T45/><D9/><U37/><E37/><V11/><F119/><W110/><G85/><T14/><D14/><U26/><E56/><V80/><REACH who="2" step="1"/><F94/><REACH who="2" ten="230,290,230,240" step="2"/><W97/><G32/><T39/><D117/><U75/><E95/><V121/><F121/><W63/><G71/><T120/><D123/><U128/><E81/><V53/><F53/><W35/><G82/><T55/><D120/><U18/><E128/><V23/><F23/><W124/><G131/><T29/><D52/><U114/><E114/><V77/><F77/><W67/><G115/><T36/><D55/><U49/><REACH who="1" step="1"/><E86/><AGARI ba="0,1" hai="4,11,12,13,17,21,57,59,78,80,86,91,92,98" machi="86" ten="30,7700,0" yaku="1,1,7,1,8,1,52,1,53,0" doraHai="84" doraHaiUra="22" who="2" fromWho="1" sc="230,0,290,-77,230,87,240,0" /><INIT seed="2,0,0,4,0,21" ten="230,213,317,240" oya="2" hai0="2,17,33,125,66,80,27,92,39,111,109,11,101" hai1="84,50,31,49,116,10,91,133,19,8,73,4,62" hai2="98,72,64,100,104,114,81,88,5,44,23,70,18" hai3="124,47,25,24,48,86,83,99,97,46,131,89,129"/><V59/><F114/><W112/><G112/><T87/><D39/><U113/><E133/><V0/><F70/><W13/><G13/><N who="0" m="7359" /><D2/><U15/><E116/><V79/><F44/><W121/><G121/><T6/><D6/><U32/><E73/><V36/><F36/><W43/><G47/><T14/><D14/><U26/><E62/><V128/><F128/><N who="3" m="49227" /><G124/><T35/><D66/><U55/><E55/><V134/><F134/><W16/><G16/><T78/><D27/><AGARI ba="0,0" hai="24,25,27,43,46,48,83,86,89,97,99" m="49227" machi="27" ten="30,7700,0" yaku="19,1,52,3" doraHai="21" who="3" fromWho="0" sc="230,-77,213,0,317,0,240,77" /><INIT seed="3,0,0,5,4,86" ten="153,213,317,317" oya="3" hai0="60,91,89,43,4,130,119,107,51,100,104,42,113" hai1="79,120,29,66,24,56,68,112,73,3,47,7,15" hai2="115,12,132,14,75,0,20,61,36,52,27,54,1" hai3="77,9,134,2,133,114,69,49,37,82,106,98,23"/><W123/><G37/><T129/><D119/><U55/><E120/><V99/><F115/><W108/><G114/><T16/><D113/><U128/><E3/><V33/><F75/><W118/><G118/><T46/><D4/><U110/><E110/><V48/><F36/><W117/><G117/><T40/><D60/><U84/><E73/><V26/><F132/><W121/><G69/><T94/><D94/><U21/><E68/><V17/><F1/><W127/><G127/><T10/><D100/><U131/><E66/><V50/><F0/><W6/><G106/><T32/><D32/><U72/><E47/><N who="2" m="27679" /><F33/><W30/><G108/><T74/><D74/><U67/><E67/><V38/><F38/><W126/><G126/><T125/><D125/><U41/><E41/><N who="0" m="15977" /><D107/><U80/><E72/><V53/><F27/><W62/><G2/><T8/><D8/><U64/><E64/><V83/><F83/><W116/><G134/><T90/><D104/><U71/><E71/><V97/><F61/><W93/><G133/><T39/><D39/><U122/><E122/><V11/><F54/><W58/><G116/><T109/><D109/><U85/><E85/><V65/><F65/><W105/><G105/><T59/><D59/><U63/><E112/><V95/><F11/><W31/><G123/><T111/><D111/><U88/><REACH who="1" step="1"/><E79/><REACH who="1" ten="153,203,317,317" step="2"/><V135/><F135/><W45/><G121/><T57/><D57/><U81/><E81/><V44/><F99/><W70/><G70/><T22/><D10/><AGARI ba="0,1" hai="7,10,15,21,24,29,55,56,63,80,84,88,128,131" machi="10" ten="40,5200,0" yaku="1,1,52,1,54,1,53,0" doraHai="86" doraHaiUra="34" who="1" fromWho="0" sc="153,-52,203,62,317,0,317,0" /><INIT seed="4,0,0,2,3,24" ten="101,265,317,317" oya="0" hai0="119,12,22,50,134,59,31,67,64,111,71,80,57" hai1="16,20,48,43,7,60,83,114,45,74,93,5,3" hai2="128,56,27,88,89,100,62,76,40,86,34,78,11" hai3="51,6,129,124,38,97,36,49,46,9,37,23,118"/><T10/><D119/><U123/><E3/><V108/><F108/><W104/><G118/><T87/><D71/><U39/><E123/><V95/><F128/><W19/><G129/><T113/><D113/><U107/><E107/><V66/><F100/><W33/><G124/><T52/><D134/><U2/><E2/><V69/><F40/><W106/><G33/><T29/><D111/><U102/><E39/><V132/><F132/><W120/><G120/><T61/><D22/><U101/><E60/><V117/><F117/><W91/><G91/><T127/><D67/><U0/><E0/><V122/><F122/><W17/><G97/><T25/><D25/><U125/><E125/><V135/><F135/><W96/><G96/><T15/><D127/><U85/><E74/><V58/><F11/><W98/><G98/><T13/><REACH who="0" step="1"/><D10/><REACH who="0" ten="91,265,317,317" step="2"/><U131/><E114/><V35/><F69/><W55/><G23/><T130/><D130/><U94/><E131/><V92/><F35/><W18/><REACH who="3" step="1"/><G51/><REACH who="3" ten="91,265,317,307" step="2"/><T90/><AGARI ba="0,2" hai="12,13,15,29,31,50,52,57,59,61,64,80,87,90" machi="90" ten="30,18000,2" yaku="1,1,0,1,8,1,52,2,54,1,53,0" doraHai="24" doraHaiUra="116" who="0" fromWho="0" sc="91,200,265,-60,317,-60,307,-60" /><INIT seed="4,1,0,5,3,118" ten="291,205,257,247" oya="0" hai0="125,30,35,57,74,104,112,133,40,6,49,60,62" hai1="121,73,114,99,76,17,110,77,37,115,11,63,5" hai2="119,1,50,29,58,72,15,23,132,90,123,87,134" hai3="80,32,46,64,75,94,101,43,103,124,97,95,71"/><T14/><D104/><U88/><E110/><V25/><F119/><W120/><G32/><T39/><D74/><U105/><E37/><V86/><F1/><W81/><G124/><T113/><D60/><U44/><E121/><V59/><F72/><W19/><G120/><T21/><D39/><U41/><E17/><V2/><F2/><W126/><G126/><T83/><D35/><U78/><E63/><V98/><F123/><W116/><G116/><T67/><D83/><U70/><E70/><V100/><F15/><W45/><G75/><T22/><D30/><U102/><E73/><V48/><F48/><W33/><G33/><T69/><D133/><N who="2" m="51306" /><F50/><W8/><G71/><T20/><D125/><U51/><REACH who="1" step="1"/><E88/><REACH who="1" ten="291,195,257,247" step="2"/><V79/><F79/><W92/><G19/><T55/><D40/><U66/><E66/><V61/><F61/><W53/><G64/><T130/><D6/><U0/><AGARI ba="1,1" hai="0,5,11,41,44,51,76,77,78,99,102,105,114,115" machi="0" ten="30,4000,0" yaku="1,1,0,1,53,1" doraHai="118" doraHaiUra="38" who="1" fromWho="1" sc="291,-21,195,53,257,-11,247,-11" /><INIT seed="5,0,0,5,5,131" ten="270,248,246,236" oya="1" hai0="37,84,77,129,40,105,97,59,109,96,67,101,36" hai1="116,80,32,130,79,33,30,90,110,2,113,19,54" hai2="114,73,6,18,13,119,26,63,69,89,29,122,10" hai3="55,56,11,124,16,71,0,12,25,39,74,117,126"/><U100/><E116/><V14/><F119/><W86/><G117/><T98/><D109/><U51/><E2/><V49/><F73/><W21/><G74/><T45/><D37/><U108/><E130/><V92/><F122/><W9/><G71/><T91/><D77/><U8/><E113/><V35/><F114/><W28/><G39/><T70/><D70/><U61/><E61/><V62/><F49/><W46/><G46/><T135/><D135/><U83/><E100/><V95/><F95/><W94/><G0/><T127/><D127/><N who="3" m="48681" /><G94/><T53/><D67/><U111/><E90/><V4/><F69/><W104/><G86/><T106/><D106/><U76/><E19/><V93/><F93/><W115/><G104/><T132/><D132/><U15/><E83/><V48/><F48/><N who="3" m="30823" /><G115/><T87/><D87/><N who="1" m="48519" /><E79/><V120/><F120/><W107/><G107/><T7/><D129/><U27/><E33/><AGARI ba="0,0" hai="9,11,12,16,21,25,28,33" m="30823,48681" machi="33" ten="30,2000,0" yaku="18,1,54,1" doraHai="131" who="3" fromWho="1" sc="270,0,248,-20,246,0,236,20" /><INIT seed="6,0,0,5,4,65" ten="270,228,246,256" oya="2" hai0="124,19,37,116,15,120,28,103,50,62,47,84,40" hai1="23,25,57,7,58,121,17,39,64,93,78,63,127" hai2="26,85,104,61,13,44,115,59,128,96,107,49,133" hai3="90,33,16,12,122,18,91,102,56,0,24,29,76"/><V22/><F115/><W132/><G122/><T92/><D120/><U74/><E121/><V108/><F128/><W2/><G102/><T11/><D124/><U30/><E127/><V105/><F133/><W42/><G76/><T73/><D73/><U119/><E119/><V21/><F108/><W5/><G42/><T20/><D116/><U14/><E39/><V46/><F96/><W70/><G70/><T67/><D37/><U36/><E36/><V69/><F69/><W77/><G77/><T118/><D118/><U53/><E93/><V8/><F85/><W114/><G56/><T4/><D28/><U80/><E7/><V27/><F27/><W134/><G91/><T32/><D32/><U81/><E81/><V125/><F125/><W88/><G88/><N who="0" m="53255" /><D67/><U35/><REACH who="1" step="1"/><E53/><REACH who="1" ten="270,218,246,256" step="2"/><V48/><F107/><W95/><G114/><T51/><D103/><U130/><E130/><V89/><F105/><W31/><G95/><T123/><D123/><U55/><E55/><N who="2" m="34047" /><F104/><W75/><G134/><T113/><D113/><U66/><E66/><V126/><F126/><W131/><G132/><T9/><D4/><U87/><E87/><V106/><F106/><W117/><G131/><T41/><D62/><U82/><E82/><V10/><F49/><W97/><G117/><T43/><D51/><U54/><E54/><AGARI ba="0,1" hai="9,11,15,19,20,40,41,43,47,50,54" m="53255" machi="54" ten="30,2000,0" yaku="8,1,54,1" doraHai="65" who="0" fromWho="1" sc="270,30,218,-20,246,0,256,0" /><INIT seed="7,0,0,3,5,46" ten="300,198,246,256" oya="3" hai0="124,112,32,19,44,123,69,127,116,80,26,121,54" hai1="89,120,93,27,50,68,125,23,18,97,37,77,34" hai2="62,104,119,130,35,107,60,57,133,99,39,3,71" hai3="25,132,135,110,17,103,2,100,6,33,82,81,72"/><W108/><G6/><T73/><D116/><U14/><E125/><N who="0" m="48201" /><D69/><U42/><E120/><V85/><F3/><W16/><G2/><T95/><D112/><U55/><E68/><V49/><F35/><W117/><G117/><T13/><D95/><U75/><E37/><V61/><F119/><W131/><G131/><T115/><D115/><U24/><E42/><V48/><F71/><W105/><G33/><T29/><D44/><U79/><E34/><V76/><F39/><W111/><G105/><T114/><D54/><U40/><E40/><V87/><F130/><W129/><G129/><T66/><D66/><U41/><E41/><V21/><F133/><N who="3" m="51275" /><G25/><T106/><D106/><U70/><E70/><V4/><F4/><W51/><G51/><N who="2" m="19529" /><F57/><W74/><G74/><T30/><D30/><U92/><E93/><V64/><F64/><W118/><G118/><T109/><D109/><U67/><E67/><V0/><F0/><W9/><G72/><T63/><D63/><U1/><E1/><V101/><F107/><W56/><G56/><T38/><D38/><U58/><REACH who="1" step="1"/><E75/><REACH who="1" ten="300,188,246,256" step="2"/><V83/><F104/><W90/><G111/><T59/><D114/><U113/><E113/><V52/><F52/><W36/><G36/><T88/><D73/><U7/><E7/><V94/><F87/><W15/><G110/><T11/><D59/><U22/><E22/><AGARI ba="0,1" hai="21,22,60,61,62,76,83,85,94,99,101" m="19529" machi="22" ten="30,7700,0" yaku="8,1,52,3" doraHai="46" who="2" fromWho="1" sc="300,0,188,-77,246,87,256,0" owari="300,10.0,111,-38.9,333,43.3,256,-14.4" /></mjloggm>