<mjloggm ver="2.3"><GO type="169" lobby="0"/><UN n0="%E3%82%B6%E2%98%85%E3%82%B5%E3%83%B3%E3%83%9E%E9%81%93%E6%A5%BD" n1="%E3%83%8A%E3%82%AB%E3%81%AB%E3%81%97" n2="%E3%83%95%E3%82%AF%E3%83%80%E3%83%B3%E3%83%81%E3%83%A7" n3="%6D%61%6A%75%6E%69%61" dan="17,16,16,16" rate="2222.30,2178.52,2120.95,2109.49" sx="M,M,M,M"/><TAIKYOKU oya="0"/><INIT seed="0,0,0,3,1,59" ten="250,250,250,250" oya="0" hai0="79,71,95,16,128,118,37,25,86,105,3,9,11" hai1="132,53,60,135,57,129,110,27,1,56,87,89,66" hai2="15,28,30,50,78,33,72,121,43,63,64,133,45" hai3="92,98,124,81,61,46,88,114,106,73,24,94,51"/><T120/><D118/><U40/><E1/><V23/><F133/><N who="1" m="51273" /><E110/><V39/><F121/><W21/><G124/><T107/><D120/><U34/><E40/><V70/><F33/><W54/><G114/><T112/><D112/><U77/><E77/><V12/><F39/><W48/><G106/><T58/><D71/><U102/><E102/><V113/><F113/><W80/><G73/><T65/><D37/><U2/><E2/><V36/><F36/><W116/><G48/><T84/><D128/><U108/><E108/><V0/><F0/><W130/><G130/><T96/><D105/><U7/><E7/><V127/><F127/><W119/><G94/><T75/><D75/><U97/><E97/><V111/><F111/><W17/><REACH who="3" step="1"/><G61/><REACH who="3" ten="250,250,250,240" step="2"/><N who="0" m="38071" /><D107/><U47/><E129/><V32/><F32/><W5/><G5/><T100/><D3/><U14/><E34/><V8/><F72/><W91/><G91/><T99/><D96/><U109/><E60/><V35/><F35/><W101/><G101/><T4/><D4/><U18/><E89/><V131/><F131/><W126/><G126/><T31/><D86/><U90/><E90/><V85/><F85/><W123/><G123/><T38/><D38/><U76/><E87/><V52/><F78/><W29/><G29/><T20/><D31/><U49/><E76/><V55/><F28/><W69/><G69/><T134/><D134/><U122/><E122/><V44/><F30/><W67/><G67/><T10/><D84/><U68/><E109/><V6/><F45/><W104/><G104/><T22/><D79/><U74/><E74/><RYUUKYOKU ba="0,1" sc="250,10,250,-30,250,10,240,10" hai0="9,10,11,16,20,22,25,95,99,100" hai2="6,8,12,15,23,43,44,50,52,55,63,64,70" hai3="17,21,24,46,51,54,80,81,88,92,98,116,119" /><INIT seed="0,1,1,1,3,100" ten="260,220,260,250" oya="0" hai0="117,66,94,14,108,70,59,112,104,76,127,119,18" hai1="67,33,45,37,116,40,61,51,11,87,44,131,30" hai2="89,31,26,56,83,73,99,80,77,63,64,79,12" hai3="5,96,2,4,46,126,20,124,92,58,128,38,16"/><T81/><D112/><U97/><E116/><V134/><F134/><W36/><G128/><T42/><D70/><U32/><E131/><V55/><F12/><W78/><G78/><T98/><D127/><N who="3" m="48681" /><G46/><T74/><D42/><U49/><E30/><V41/><F41/><W54/><G2/><T132/><D132/><U22/><E22/><V0/><F0/><W52/><G54/><T25/><D25/><U121/><E121/><V23/><F89/><N who="3" m="55311" /><G38/><T101/><D108/><U114/><E114/><V27/><F27/><N who="3" m="14727" /><G36/><T95/><D95/><U105/><E37/><V15/><F15/><W10/><G10/><T123/><D123/><U109/><E11/><V135/><F135/><W72/><G72/><T107/><D119/><U29/><E109/><V115/><F115/><W120/><G120/><T102/><D117/><U129/><E129/><V8/><F8/><W43/><G43/><T6/><D6/><U28/><E67/><V71/><F99/><W35/><G35/><T62/><REACH who="0" step="1"/><D102/><REACH who="0" ten="250,220,260,250" step="2"/><U69/><E40/><V88/><F26/><W50/><AGARI ba="1,2" hai="4,5,50,52,58" m="14727,55311,48681" machi="50" ten="30,4000,0" yaku="18,1,54,2" doraHai="100" who="3" fromWho="3" sc="250,-21,220,-11,260,-11,250,63" /><INIT seed="1,0,0,0,2,100" ten="229,209,249,313" oya="1" hai0="31,19,110,32,38,14,52,7,75,109,26,66,116" hai1="112,78,15,16,18,62,93,64,39,47,124,0,87" hai2="134,70,80,22,20,17,5,50,106,91,99,3,9" hai3="76,131,4,46,25,96,57,111,97,122,6,130,114"/><U35/><E112/><V120/><F70/><W33/><G114/><T85/><D75/><U67/><E0/><V71/><F71/><W45/><G122/><T79/><D38/><U129/><E35/><V11/><F134/><W92/><G76/><T82/><D66/><U113/><E113/><V105/><F120/><W37/><G57/><T69/><D69/><U8/><E129/><N who="3" m="49162" /><G96/><T24/><D116/><U119/><E119/><V27/><F11/><W128/><G128/><T63/><D26/><U83/><E124/><V29/><F50/><W56/><G56/><T121/><D121/><U54/><E39/><V89/><F80/><W94/><G94/><T95/><D7/><N who="3" m="2601" /><G37/><T1/><D1/><U36/><E36/><V125/><F125/><W30/><G111/><T117/><D117/><U118/><E118/><V58/><F58/><W72/><G72/><T98/><D63/><U48/><E62/><V10/><F10/><W103/><AGARI ba="0,0" hai="25,30,33,45,46,92,97,103" m="2601,49162" machi="103" ten="30,1100,0" yaku="19,1" doraHai="100" who="3" fromWho="3" sc="229,-3,209,-5,249,-3,313,11" /><INIT seed="2,0,0,2,2,41" ten="226,204,246,324" oya="2" hai0="129,50,115,88,54,10,132,8,80,60,106,92,93" hai1="20,125,15,84,51,45,25,38,71,6,7,47,23" hai2="101,124,82,131,98,3,103,1,119,94,19,53,28" hai3="117,100,87,105,65,130,17,91,79,14,59,108,39"/><V126/><F119/><W43/><G117/><T18/><D106/><U85/><E71/><V40/><F40/><W21/><G130/><T109/><D115/><U81/><E125/><N who="2" m="48235" /><F131/><W90/><G108/><T44/><D109/><U89/><E38/><V116/><F28/><W127/><G127/><T75/><D132/><U107/><E107/><V0/><F82/><W27/><G79/><T74/><D74/><U66/><E66/><V48/><F19/><W32/><G32/><T72/><D72/><U2/><E2/><V111/><F116/><W16/><G65/><T76/><D129/><U30/><E85/><V4/><F111/><W77/><G77/><T110/><D92/><U12/><E51/><V122/><F122/><W56/><G91/><T113/><D113/><U57/><E57/><N who="2" m="32935" /><F103/><W104/><G100/><T78/><D78/><U29/><E29/><V102/><F102/><W73/><G73/><T13/><D60/><U135/><E135/><V120/><F120/><W95/><G104/><T128/><D128/><U35/><E35/><V134/><F134/><W5/><G105/><T133/><D133/><U9/><E6/><AGARI ba="0,0" hai="0,1,3,4,6,94,98,101" m="32935,48235" machi="6" ten="40,2000,0" yaku="18,1" doraHai="41" who="2" fromWho="1" sc="226,0,204,-20,246,20,324,0" /><INIT seed="2,1,0,4,1,20" ten="226,184,266,324" oya="2" hai0="37,22,119,62,135,79,29,24,55,54,87,96,70" hai1="90,123,133,131,56,32,116,100,69,76,103,64,60" hai2="4,95,16,78,88,97,30,93,86,18,48,13,82" hai3="120,129,85,125,49,39,53,23,91,80,25,124,11"/><V105/><F105/><W94/><G120/><T65/><D135/><U15/><E116/><V107/><F107/><W84/><G39/><T14/><D119/><U121/><E133/><V41/><F30/><W44/><G11/><T113/><D113/><U26/><E131/><V43/><F95/><W66/><G66/><T19/><D37/><U6/><E76/><V27/><F48/><W127/><G129/><T47/><D47/><U81/><E69/><V1/><F1/><W126/><N who="3" m="31744" /><DORA hai="46" /><W73/><G73/><T8/><REACH who="0" step="1"/><D96/><REACH who="0" ten="216,184,266,324" step="2"/><U2/><E123/><V115/><F115/><W104/><G104/><T102/><D102/><U34/><E121/><V72/><F72/><W122/><G122/><T98/><D98/><U112/><E103/><V99/><F99/><N who="3" m="57823" /><G80/><AGARI ba="1,1" hai="8,14,19,22,24,29,54,55,62,65,70,79,80,87" machi="80" ten="40,5200,0" yaku="1,1,52,1,53,1" doraHai="20,46" doraHaiUra="10,38" who="0" fromWho="3" sc="216,65,184,0,266,0,324,-55" /><INIT seed="3,0,0,3,4,62" ten="281,184,266,269" oya="3" hai0="91,127,39,54,126,105,57,135,68,131,123,3,100" hai1="8,77,99,65,47,98,52,92,21,20,83,124,70" hai2="49,44,72,73,67,95,116,113,33,1,53,15,106" hai3="112,74,122,25,71,81,94,93,69,50,59,27,80"/><W42/><G122/><T41/><D3/><U4/><E124/><N who="0" m="47657" /><D91/><U88/><E99/><V134/><F1/><W58/><G112/><T87/><D87/><U16/><E70/><V40/><F106/><W129/><G50/><N who="0" m="30935" /><D100/><U45/><E65/><V19/><F116/><W76/><G42/><T22/><D22/><U130/><E130/><V37/><F113/><W43/><G43/><T48/><D105/><U104/><E104/><V29/><F134/><W5/><G5/><T82/><D82/><U84/><E21/><V109/><F95/><W96/><G96/><T90/><D90/><U0/><REACH who="1" step="1"/><E52/><REACH who="1" ten="281,174,266,269" step="2"/><V28/><F67/><W14/><G129/><T60/><D131/><U121/><E121/><V46/><F33/><W55/><G55/><T115/><D123/><U26/><AGARI ba="0,1" hai="0,4,8,16,20,26,45,47,77,83,84,88,92,98" machi="26" ten="20,8000,1" yaku="1,1,0,1,7,1,54,2,53,0" doraHai="62" doraHaiUra="120" who="1" fromWho="1" sc="281,-20,174,90,266,-20,269,-40" /><INIT seed="4,0,0,4,3,33" ten="261,264,246,229" oya="0" hai0="29,101,75,131,96,34,5,44,73,42,28,15,105" hai1="94,123,116,74,112,67,70,79,26,7,95,11,128" hai2="135,103,133,63,39,65,107,78,89,32,36,88,69" hai3="120,31,13,54,99,68,49,1,76,127,106,3,27"/><T129/><D15/><U58/><E116/><V46/><F78/><W4/><G68/><T86/><D86/><U117/><E117/><V25/><F46/><W21/><G76/><T125/><D125/><U91/><E123/><V50/><F50/><W53/><G120/><T102/><D5/><U82/><E128/><N who="0" m="49225" /><D101/><U108/><E108/><V0/><F0/><W92/><G106/><T61/><D61/><U14/><E112/><V104/><F89/><W48/><G127/><T134/><D134/><N who="2" m="51210" /><F88/><W124/><G124/><T35/><D28/><U64/><E70/><V66/><F66/><W60/><G60/><T84/><D84/><U77/><E77/><V43/><F43/><W51/><G13/><T118/><D118/><U111/><E111/><V9/><F9/><W59/><G4/><T10/><D10/><U55/><E94/><V30/><F107/><W80/><G80/><T130/><N who="0" m="49233" /><T110/><DORA hai="71" /><D110/><U23/><E23/><V119/><F119/><W16/><G31/><T126/><D126/><U20/><E20/><V113/><F113/><W62/><REACH who="3" step="1"/><G53/><REACH who="3" ten="261,264,246,219" step="2"/><T56/><D29/><U90/><E26/><V47/><F47/><W83/><G83/><T87/><D56/><U98/><REACH who="1" step="1"/><E91/><AGARI ba="0,1" hai="1,3,16,21,27,48,49,51,54,59,62,91,92,99" machi="91" ten="40,12000,2" yaku="1,1,25,2,52,2,54,1,53,1" doraHai="33,71" doraHaiUra="19,81" who="3" fromWho="1" sc="261,0,264,-120,246,0,219,130" /><INIT seed="5,0,0,1,0,45" ten="261,144,246,349" oya="1" hai0="1,49,129,97,75,132,127,126,98,115,78,118,116" hai1="33,72,104,51,89,130,88,70,85,30,122,123,15" hai2="124,92,57,91,120,44,101,103,6,62,86,77,43" hai3="26,11,31,81,40,42,80,25,110,109,10,9,111"/><U60/><E72/><V125/><F120/><W100/><G100/><T131/><D1/><U47/><E104/><V35/><F35/><W41/><REACH who="3" step="1"/><G31/><REACH who="3" ten="261,144,246,339" step="2"/><T36/><D115/><U24/><E130/><N who="0" m="49673" /><D36/><U16/><E70/><V53/><F101/><W128/><G128/><T65/><D65/><U14/><E60/><V23/><F103/><W112/><G112/><T106/><D49/><U64/><E64/><V135/><F62/><W28/><G28/><T114/><D114/><U0/><E0/><V50/><F50/><W68/><G68/><T55/><D106/><U12/><E89/><V48/><F48/><W32/><G32/><T13/><D116/><U54/><REACH who="1" step="1"/><E16/><REACH who="1" ten="261,134,246,339" step="2"/><V113/><F91/><W5/><G5/><T18/><D18/><U133/><E133/><V84/><F6/><W83/><AGARI ba="0,2" hai="9,10,11,25,26,40,41,42,80,81,83,109,110,111" machi="83" ten="50,32000,5" yakuman="40" doraHai="45" doraHaiUra="105" who="3" fromWho="3" sc="261,-80,134,-160,246,-80,339,340" owari="181,-1.9,-26,-52.6,166,-23.4,679,77.9" /></mjloggm>