<mjloggm ver="2.3"><GO type="169" lobby="0"/><UN n0="%E3%82%B5%E3%83%95%E3%82%A9%E3%83%BC%E3%82%AF%E3%81%AE%E7%94%BA" n1="%E7%8A%AC%E5%B1%B1" n2="%E9%9B%A8%E6%9C%88%E3%81%A4%E3%82%86" n3="%E8%8F%85%E7%94%B0%E5%B0%86%E6%9A%89%28%E5%81%BD%E7%89%A9%29" dan="16,16,16,16" rate="2159.98,2090.58,2137.48,2019.33" sx="M,M,M,M"/><TAIKYOKU oya="0"/><INIT seed="0,0,0,4,2,133" ten="250,250,250,250" oya="0" hai0="117,127,59,8,22,35,97,3,100,19,94,48,71" hai1="65,61,52,83,53,29,36,62,6,23,105,21,73" hai2="56,46,16,75,39,118,58,11,28,128,9,13,78" hai3="17,49,54,40,81,113,125,111,87,124,57,10,98"/><T1/><D71/><U120/><E105/><V34/><F128/><W121/><G113/><T51/><D35/><U77/><E120/><V4/><F28/><W90/><G121/><T60/><D117/><U33/><E36/><V63/><F34/><W25/><G111/><T122/><D122/><U88/><E6/><V112/><F112/><W101/><G40/><T32/><D32/><U69/><E33/><V93/><F93/><W37/><G37/><T31/><D1/><U99/><E29/><V91/><F91/><W76/><G76/><T132/><D132/><U85/><E99/><V109/><F109/><W134/><G134/><T42/><D42/><U24/><E24/><V110/><F110/><W130/><G130/><T116/><D116/><U106/><E106/><V135/><F135/><W103/><G25/><N who="0" m="16823" /><D127/><N who="3" m="48713" /><G98/><T14/><D3/><U44/><E53/><AGARI ba="0,0" hai="8,14,19,48,51,53,59,60,94,97,100" m="16823" machi="53" ten="30,1500,0" yaku="8,1" doraHai="133" who="0" fromWho="1" sc="250,15,250,-15,250,0,250,0" /><INIT seed="0,1,0,2,1,38" ten="265,235,250,250" oya="0" hai0="79,19,102,85,11,114,117,26,4,122,126,8,81" hai1="92,7,110,89,40,3,118,91,1,119,60,77,44" hai2="50,113,87,73,21,98,75,53,127,24,105,94,133" hai3="27,70,72,131,9,71,76,88,86,52,67,121,124"/><T103/><D114/><U35/><E35/><V96/><F113/><W22/><G124/><T18/><D117/><U80/><E110/><V25/><F127/><W45/><G131/><T106/><D126/><U0/><E7/><V41/><F41/><W84/><G72/><T115/><D115/><U107/><E107/><V69/><F69/><W31/><G121/><T90/><D122/><U129/><E129/><V23/><F87/><W101/><G101/><T125/><D125/><U112/><E112/><V108/><F133/><W37/><G67/><T95/><D106/><U99/><E60/><V49/><F105/><W34/><G34/><T116/><D116/><U54/><E54/><V82/><F82/><W78/><G9/><T15/><D19/><U123/><E91/><V12/><F12/><W66/><G84/><T33/><D33/><U134/><E134/><V6/><F6/><W100/><G100/><T5/><D5/><U46/><E46/><V42/><F94/><W43/><G52/><T120/><D120/><U68/><E68/><V13/><F13/><W16/><G31/><T128/><D128/><U28/><E28/><V47/><F75/><W56/><G71/><T63/><D63/><U30/><E30/><N who="2" m="17679" /><F73/><W17/><G17/><T62/><D62/><U104/><E104/><V58/><F108/><W59/><G70/><T36/><D36/><N who="1" m="21511" /><E123/><V109/><F109/><W20/><G20/><N who="0" m="13591" /><D11/><U29/><E29/><AGARI ba="1,0" hai="23,25,29,42,47,49,50,53,58,96,98" m="17679" machi="29" ten="30,2000,0" yaku="8,1,52,1" doraHai="38" who="2" fromWho="1" sc="265,0,235,-23,250,23,250,0" /><INIT seed="1,0,0,3,5,58" ten="265,212,273,250" oya="1" hai0="102,81,55,111,121,113,122,42,101,7,123,24,37" hai1="54,39,88,10,126,85,80,5,9,91,59,25,94" hai2="64,78,67,4,17,14,117,2,1,3,100,66,70" hai3="60,106,125,21,98,112,116,90,120,68,20,30,13"/><U33/><E39/><V41/><F117/><W104/><G112/><T96/><D113/><U107/><E126/><V118/><F118/><W11/><G120/><T19/><D111/><U62/><E107/><V114/><F100/><W71/><G125/><T49/><D7/><U119/><E119/><V83/><F41/><W84/><G71/><T76/><D42/><U27/><E33/><V61/><F4/><W53/><G116/><T65/><D65/><U73/><E73/><V47/><F47/><W38/><G38/><T135/><D135/><U130/><E130/><V74/><REACH who="2" step="1"/><F114/><REACH who="2" ten="265,212,263,250" step="2"/><W79/><G106/><T129/><D102/><U92/><E80/><V108/><F108/><W6/><G104/><T43/><D43/><U32/><E32/><V16/><F16/><W86/><G6/><T44/><D19/><U95/><E95/><V23/><AGARI ba="0,1" hai="1,2,3,14,17,23,61,64,66,67,70,74,78,83" machi="23" ten="30,4000,0" yaku="1,1,0,1,52,1,53,0" doraHai="58" doraHaiUra="52" who="2" fromWho="2" sc="265,-10,212,-20,263,50,250,-10" /><INIT seed="2,0,0,3,0,15" ten="255,192,313,240" oya="2" hai0="30,7,115,70,38,17,71,36,97,86,72,89,27" hai1="10,87,59,75,35,44,51,21,1,5,29,32,55" hai2="106,61,12,48,81,103,46,132,77,37,90,49,22" hai3="13,19,130,111,110,74,53,3,24,66,82,60,88"/><V135/><F106/><W125/><G3/><T118/><D72/><U113/><E75/><V95/><F103/><W65/><G125/><T58/><D115/><U54/><E113/><V129/><F129/><W50/><G24/><T34/><D7/><U100/><E100/><V127/><F127/><W84/><G74/><T31/><D97/><U0/><E0/><V33/><F33/><W133/><G133/><N who="2" m="51273" /><F61/><W134/><G130/><T57/><D118/><U43/><E55/><V6/><F46/><N who="3" m="27863" /><G134/><T109/><D109/><N who="3" m="41481" /><G60/><T20/><D71/><U120/><E120/><V73/><F37/><W122/><G122/><T28/><D70/><U94/><E29/><V104/><F104/><W39/><G39/><T25/><D38/><U128/><E128/><V69/><F69/><W80/><G80/><T93/><D36/><U112/><E112/><V67/><F67/><W26/><G26/><T101/><D101/><U64/><E64/><V98/><F6/><W117/><G117/><T23/><D34/><U63/><E35/><V11/><F11/><AGARI ba="0,0" hai="11,13,19,65,66,82,84,88" m="41481,27863" machi="11" ten="30,7700,0" yaku="25,1,14,1,52,1,54,1" doraHai="15" who="3" fromWho="2" sc="255,0,192,0,313,-77,240,77" /><INIT seed="3,0,0,1,0,127" ten="255,192,236,317" oya="3" hai0="125,94,92,91,59,57,76,73,131,5,35,54,77" hai1="34,122,41,78,37,29,135,85,123,129,51,61,93" hai2="4,63,132,2,45,112,64,12,89,49,120,105,66" hai3="9,16,14,31,99,90,121,134,130,44,43,47,68"/><W0/><G121/><T87/><D35/><U17/><E135/><V109/><F109/><W33/><G134/><T83/><D125/><U28/><E37/><V110/><F110/><W11/><G68/><T118/><D118/><U3/><E3/><V60/><F112/><W117/><G117/><T53/><D131/><U36/><E36/><V95/><F105/><W88/><G130/><T38/><D38/><U100/><E17/><V20/><F2/><W8/><G0/><T67/><D67/><N who="2" m="25642" /><F120/><W48/><G44/><T22/><D5/><U50/><E61/><V96/><F132/><W42/><G42/><T62/><D22/><U25/><E100/><V21/><F21/><W133/><G133/><T97/><D92/><U69/><E93/><V98/><F98/><W24/><REACH who="3" step="1"/><G99/><REACH who="3" ten="255,192,236,307" step="2"/><T6/><D6/><U23/><E41/><N who="2" m="24751" /><F4/><W104/><G104/><T27/><D27/><U103/><E129/><V126/><F126/><W113/><G113/><T74/><REACH who="0" step="1"/><D76/><REACH who="0" ten="245,192,236,307" step="2"/><U26/><E26/><V70/><F12/><W80/><G80/><T52/><D52/><U124/><E25/><V102/><F95/><W39/><G39/><T40/><D40/><U10/><E123/><V119/><F119/><W65/><G65/><T71/><D71/><U75/><E69/><V108/><F70/><W56/><G56/><T84/><D84/><U72/><E85/><V55/><F55/><W107/><G107/><T86/><D86/><U116/><E122/><V46/><F96/><W19/><G19/><T79/><D79/><U13/><E78/><V106/><F106/><W111/><G111/><RYUUKYOKU ba="0,2" sc="245,15,192,-15,236,-15,307,15" hai0="53,54,57,59,62,73,74,77,83,87,91,94,97" hai3="8,9,11,14,16,24,31,33,43,47,48,88,90" /><INIT seed="3,1,2,3,1,63" ten="260,177,221,322" oya="3" hai0="5,13,4,84,97,30,8,73,112,117,83,87,114" hai1="71,50,127,105,125,20,92,29,126,1,123,93,14" hai2="124,120,34,52,51,56,100,47,19,46,98,21,129" hai3="33,134,79,44,103,48,91,37,89,67,131,107,115"/><W106/><G115/><N who="0" m="44075" /><D117/><U130/><E1/><V57/><F34/><W6/><G37/><T27/><D4/><U55/><E105/><V28/><F124/><W78/><G33/><N who="0" m="20703" /><D97/><U122/><E71/><V85/><F28/><W82/><G6/><T95/><D95/><U12/><E130/><V53/><F129/><W108/><G131/><T113/><N who="0" m="44083" /><T18/><DORA hai="81" /><D5/><U132/><E132/><V86/><F46/><W49/><G44/><T101/><D101/><U111/><E111/><V38/><F38/><W109/><G103/><T128/><D128/><U116/><E116/><V110/><F110/><W40/><G82/><T133/><D133/><U77/><E77/><AGARI ba="1,2" hai="8,13,18,73,77,83,84,87" m="20703,44083" machi="77" ten="40,5200,0" yaku="11,1,52,2" doraHai="63,81" who="0" fromWho="1" sc="260,75,177,-55,221,0,322,0" /><INIT seed="4,0,0,1,3,29" ten="335,122,221,322" oya="0" hai0="60,20,95,66,67,112,130,90,4,18,73,25,33" hai1="101,113,87,39,26,1,3,114,91,35,68,82,117" hai2="100,12,134,132,94,111,52,37,99,102,131,23,28" hai3="123,6,80,81,118,2,74,34,47,19,10,126,27"/><T106/><D112/><N who="1" m="43115" /><E68/><V38/><F111/><W46/><G118/><T31/><D130/><U61/><E39/><V53/><F102/><W124/><G123/><T40/><D106/><U32/><E101/><V55/><F131/><W49/><G74/><T110/><D110/><U89/><E117/><V72/><F72/><W69/><G69/><T42/><D73/><U105/><E105/><V84/><F84/><W88/><G46/><T41/><D4/><U133/><E133/><N who="2" m="51307" /><F12/><W9/><G9/><T127/><D127/><N who="3" m="48681" /><G88/><N who="1" m="33866" /><E61/><V122/><F122/><W58/><G58/><T24/><REACH who="0" step="1"/><D60/><REACH who="0" ten="325,122,221,322" step="2"/><U79/><E26/><AGARI ba="0,1" hai="23,26,28,37,38,52,53,55,94,99,100" m="51307" machi="26" ten="30,2000,0" yaku="20,1,54,1" doraHai="29" who="2" fromWho="1" sc="325,0,122,-20,221,30,322,0" /><INIT seed="5,0,0,0,3,34" ten="325,102,251,322" oya="1" hai0="20,125,53,68,115,105,61,6,22,13,41,21,70" hai1="132,0,62,108,38,63,134,135,30,29,129,106,1" hai2="54,8,31,103,82,94,59,78,79,133,24,87,131" hai3="50,56,77,32,73,107,43,123,80,26,75,7,65"/><U39/><E106/><V28/><F131/><W122/><G75/><T121/><D105/><U14/><E14/><V110/><F110/><W76/><G76/><T51/><D115/><U45/><E45/><V15/><F79/><W98/><G7/><T81/><D41/><U9/><E9/><V17/><F133/><W84/><G73/><T2/><D13/><U47/><E47/><V95/><F103/><W128/><G128/><T37/><D37/><N who="1" m="13835" /><E129/><V97/><F97/><W113/><G113/><T35/><D35/><U60/><E108/><V83/><F83/><W93/><G107/><T66/><D70/><U67/><E67/><V126/><F126/><W55/><G65/><T96/><D125/><U36/><N who="1" m="13843" /><U5/><DORA hai="92" /><E5/><V85/><F85/><W44/><G44/><T112/><D6/><U90/><E90/><V3/><F28/><AGARI ba="0,0" hai="0,1,28,29,30,60,62,63,132,134,135" m="13843" machi="28" ten="50,12000,1" yaku="28,2,20,1,52,2" doraHai="34,92" who="1" fromWho="2" sc="325,0,102,120,251,-120,322,0" /><INIT seed="5,1,0,0,3,99" ten="325,222,131,322" oya="1" hai0="15,0,5,119,26,93,112,63,48,18,9,44,34" hai1="37,100,65,38,101,97,35,31,121,126,14,115,13" hai2="94,96,102,55,110,116,71,80,107,51,90,106,47" hai3="32,128,56,19,86,103,10,57,78,104,68,36,46"/><U17/><E121/><V109/><F116/><W92/><G68/><T64/><D119/><U49/><E126/><V4/><F71/><W59/><G32/><T131/><D112/><U74/><E74/><V88/><F4/><W8/><G104/><T42/><D131/><U61/><E49/><V1/><F1/><W16/><G128/><T67/><D93/><U85/><E85/><V30/><F30/><W52/><G36/><T73/><D73/><U20/><E13/><V105/><REACH who="2" step="1"/><F80/><REACH who="2" ten="325,222,121,322" step="2"/><N who="3" m="47383" /><G10/><T50/><D0/><U127/><E127/><V134/><F134/><W130/><G8/><T11/><D11/><U123/><E123/><V76/><F76/><W28/><G28/><T12/><D9/><U120/><E120/><V91/><AGARI ba="1,1" hai="47,51,55,88,90,91,94,96,102,105,106,107,109,110" machi="91" ten="40,8000,1" yaku="1,1,0,1,52,1,54,1,53,1" doraHai="99" doraHaiUra="45" who="2" fromWho="2" sc="325,-21,222,-41,121,93,322,-21" /><INIT seed="6,0,0,2,0,113" ten="304,181,214,301" oya="2" hai0="76,96,72,101,130,131,51,95,117,120,109,18,12" hai1="105,98,57,55,122,22,68,114,14,34,133,99,50" hai2="67,23,53,52,59,16,77,135,42,102,123,15,73" hai3="89,56,116,30,40,110,49,19,21,20,10,83,79"/><V103/><F135/><W25/><G110/><T78/><D109/><U4/><E68/><V35/><F123/><W11/><G116/><T111/><D111/><U132/><E34/><V129/><F129/><N who="0" m="49162" /><D120/><U106/><E122/><V32/><F73/><W47/><G56/><T92/><D117/><U66/><E114/><V29/><F77/><N who="0" m="29802" /><D51/><U81/><E81/><V62/><F42/><W115/><G115/><T127/><D127/><U80/><E80/><V74/><F74/><W86/><REACH who="3" step="1"/><G79/><REACH who="3" ten="304,181,214,291" step="2"/><T90/><D72/><U26/><E133/><V7/><F32/><W64/><G64/><T17/><D12/><AGARI ba="0,1" hai="10,11,12,19,20,21,25,30,40,47,49,83,86,89" machi="12" ten="30,7700,0" yaku="1,1,7,1,8,1,53,1" doraHai="113" doraHaiUra="82" who="3" fromWho="0" sc="304,-77,181,0,214,0,291,87" /><INIT seed="7,0,0,0,0,99" ten="227,181,214,378" oya="3" hai0="61,23,8,134,53,109,85,24,55,7,37,34,98" hai1="68,40,89,5,56,84,58,102,83,105,60,81,123" hai2="94,130,100,3,128,59,49,74,127,82,69,26,14" hai3="51,22,65,44,106,52,54,31,116,91,122,119,120"/><W4/><G106/><T93/><D37/><U9/><E123/><V39/><F3/><W2/><G91/><T43/><D34/><U113/><E113/><V33/><F69/><W42/><G22/><T104/><D43/><U114/><E114/><V112/><F39/><W125/><G125/><T10/><D134/><U18/><E68/><V87/><F74/><W19/><G19/><T11/><D104/><U118/><E118/><V67/><F14/><W78/><G78/><T115/><D109/><U96/><E40/><V79/><F127/><W76/><G76/><T15/><D85/><U111/><E111/><V75/><F112/><W17/><G17/><T64/><D10/><U132/><E132/><V117/><F117/><W133/><G31/><T103/><D11/><U1/><E18/><V45/><F26/><W107/><G4/><T135/><D135/><U38/><E38/><V71/><F71/><W28/><G2/><T41/><D41/><U73/><E73/><V108/><F33/><W47/><G42/><T36/><D36/><U95/><REACH who="1" step="1"/><E58/><REACH who="1" ten="227,171,214,378" step="2"/><V0/><F108/><W30/><G120/><T80/><D115/><U13/><E13/><V86/><F0/><W12/><G12/><T35/><D15/><U70/><E70/><V29/><F59/><W101/><G122/><T90/><D8/><U62/><E62/><V46/><F45/><W110/><G116/><T16/><D61/><U48/><E48/><V63/><F49/><W92/><G119/><T97/><D16/><U121/><E121/><V126/><F46/><W25/><G133/><T88/><D24/><RYUUKYOKU ba="0,1" sc="227,-10,171,30,214,-10,378,-10" hai1="1,5,9,56,60,81,83,84,89,95,96,102,105" owari="217,1.7,201,-29.9,204,-19.6,378,47.8" /></mjloggm>