<mjloggm ver="2.3"><GO type="169" lobby="0"/><UN n0="%E3%83%92%E3%83%AB%E3%83%99%E3%83%AB%E3%83%88" n1="%4E%4F%2E%E2%85%A0" n2="%E3%81%9F%E3%81%8B%E3%81%AF%E3%81%97%E3%81%83%E3%81%83%E3%81%83" n3="%E9%AB%98%E6%A9%8B%E8%89%AF%E5%A4%AA" dan="16,17,17,16" rate="2164.37,2263.83,2152.40,2117.63" sx="M,M,M,M"/><TAIKYOKU oya="0"/><INIT seed="0,0,0,1,5,103" ten="250,250,250,250" oya="0" hai0="90,65,82,88,18,42,33,98,116,95,40,19,0" hai1="51,93,84,133,73,104,60,47,122,91,57,21,109" hai2="92,114,46,97,71,81,108,1,96,11,22,23,110" hai3="111,67,37,4,54,9,30,64,69,32,8,112,124"/><T62/><D33/><U61/><E109/><V5/><F114/><W131/><G112/><T66/><D0/><U75/><E133/><V78/><F71/><W36/><G54/><T123/><D123/><U15/><E104/><V16/><F23/><W68/><G124/><T115/><D115/><U35/><E35/><V29/><F29/><W59/><G59/><T26/><D116/><U128/><E128/><V56/><F56/><W45/><G131/><T17/><D26/><U102/><E102/><V74/><F46/><W107/><G32/><T28/><D28/><U24/><E15/><V20/><F20/><W44/><G30/><T48/><D48/><U55/><E122/><V34/><F34/><W106/><REACH who="3" step="1"/><G4/><REACH who="3" ten="250,250,250,240" step="2"/><T134/><D134/><U126/><E126/><V135/><F135/><W120/><G120/><T7/><D7/><U70/><E70/><V117/><F117/><W53/><G53/><T14/><D14/><U125/><E125/><V119/><F119/><W105/><G105/><T6/><D6/><U50/><E61/><V31/><F31/><W41/><G41/><N who="0" m="15979" /><D62/><U127/><E127/><V83/><F108/><AGARI ba="0,1" hai="8,9,36,37,44,45,64,67,68,69,106,107,108,111" machi="108" ten="25,8000,1" yaku="1,1,22,2,52,2,53,0" doraHai="103" doraHaiUra="87" who="3" fromWho="2" sc="250,0,250,0,250,-80,240,90" /><INIT seed="1,0,0,0,4,77" ten="250,250,170,330" oya="1" hai0="79,98,28,30,64,68,12,96,11,42,35,105,115" hai1="34,113,69,83,81,75,60,51,103,41,85,39,123" hai2="23,65,8,61,112,4,95,55,90,119,32,45,16" hai3="101,82,62,110,49,17,118,121,3,126,117,74,114"/><U87/><E123/><V18/><F32/><W102/><G121/><T15/><D115/><U27/><E113/><V53/><F112/><W57/><G114/><T111/><D111/><U129/><E39/><V127/><F127/><W97/><G3/><T50/><D68/><U2/><E2/><V76/><F76/><N who="3" m="44311" /><G126/><T20/><D64/><U125/><E129/><V5/><F119/><N who="3" m="45579" /><G110/><T22/><D105/><U132/><E132/><V67/><F18/><W37/><G37/><T116/><D116/><U73/><E103/><V54/><F45/><W9/><G49/><T124/><D79/><U109/><E109/><V104/><F104/><W131/><G131/><T93/><D124/><U47/><E125/><V56/><F65/><N who="3" m="39119" /><G97/><T135/><D135/><U33/><E60/><V63/><F63/><W59/><G59/><T7/><D35/><U40/><E69/><V84/><REACH who="2" step="1"/><F8/><REACH who="2" ten="250,250,160,330" step="2"/><W92/><G9/><T94/><D11/><U120/><E120/><V80/><F80/><W91/><G17/><T25/><D7/><U108/><E108/><V106/><F106/><W29/><G29/><T99/><D94/><U26/><E51/><V19/><F19/><W10/><G10/><T43/><D93/><U71/><E71/><V52/><N who="2" m="13312" /><DORA hai="70" /><V31/><F31/><W48/><G48/><T86/><D50/><U133/><E133/><V130/><F130/><W6/><G6/><T58/><D30/><U88/><REACH who="1" step="1"/><E47/><REACH who="1" ten="250,240,160,330" step="2"/><V13/><AGARI ba="0,2" hai="4,5,13,16,23,56,61,67,84,90,95" m="13312" machi="13" ten="40,8000,1" yaku="1,1,0,1,8,1,54,2,53,0" doraHai="77,70" doraHaiUra="66,122" who="2" fromWho="2" sc="250,-20,240,-40,160,100,330,-20" /><INIT seed="2,0,0,0,1,0" ten="230,200,260,310" oya="2" hai0="57,105,25,43,85,36,100,9,14,27,50,127,62" hai1="73,31,84,95,81,48,64,21,44,13,42,33,83" hai2="119,11,74,115,110,38,135,107,23,98,68,46,69" hai3="41,103,111,54,55,8,22,59,117,72,71,20,99"/><V76/><F115/><W88/><G117/><T92/><D105/><U12/><E33/><V35/><F119/><W102/><G72/><T37/><D36/><U109/><E109/><V123/><F123/><W32/><G71/><T30/><D37/><U34/><E34/><V61/><F23/><W89/><G32/><T131/><D127/><U126/><E126/><V49/><F49/><W93/><G111/><T124/><D131/><U75/><E64/><V80/><F61/><W79/><G79/><T97/><D85/><U101/><E75/><V118/><F118/><W19/><G41/><T82/><D82/><U112/><E73/><V47/><F47/><W113/><G113/><T7/><D124/><U26/><E112/><V66/><F66/><W6/><G22/><T108/><D108/><U28/><E28/><V65/><F65/><W53/><G89/><T70/><D70/><U5/><E5/><V16/><F135/><W4/><G59/><T18/><D18/><U10/><E13/><V133/><F133/><W3/><REACH who="3" step="1"/><G4/><REACH who="3" ten="230,200,260,300" step="2"/><T94/><D43/><U29/><E21/><V128/><F35/><W116/><G116/><T106/><D57/><U2/><E42/><N who="2" m="22871" /><F110/><W96/><G96/><T86/><D97/><U121/><E84/><V77/><F77/><W15/><AGARI ba="0,1" hai="3,6,8,15,19,20,53,54,55,88,93,99,102,103" machi="15" ten="30,7900,0" yaku="1,1,0,1,52,1,54,1,53,0" doraHai="0" doraHaiUra="39" who="3" fromWho="3" sc="230,-20,200,-20,260,-39,300,89" /><INIT seed="3,0,0,1,4,98" ten="210,180,221,389" oya="3" hai0="45,99,16,78,62,7,27,15,100,84,4,61,117" hai1="83,11,41,77,30,0,28,42,87,54,85,50,51" hai2="66,65,17,55,107,135,29,103,88,21,5,127,57" hai3="32,101,70,2,94,60,91,97,9,13,82,58,75"/><W125/><G125/><T74/><D74/><U68/><E68/><V35/><F127/><W106/><G70/><T114/><D117/><U25/><E0/><V92/><F135/><W73/><G32/><T3/><D3/><U108/><E108/><V8/><F35/><W34/><G34/><T22/><D45/><U131/><E11/><V71/><F29/><W38/><G38/><T6/><D114/><U89/><E131/><V48/><F71/><W95/><G2/><T31/><D84/><U126/><E126/><V10/><F103/><W40/><G40/><T111/><D78/><U115/><E115/><V76/><F107/><W124/><G124/><T39/><D39/><U110/><E110/><V24/><F76/><W130/><G130/><T14/><D111/><U132/><E132/><V69/><F69/><W134/><G134/><T33/><REACH who="0" step="1"/><D15/><REACH who="0" ten="200,180,221,389" step="2"/><U19/><E87/><N who="2" m="52255" /><F8/><W80/><G73/><T93/><AGARI ba="0,1" hai="4,6,7,14,16,22,27,31,33,61,62,93,99,100" machi="93" ten="30,7900,0" yaku="1,1,0,1,52,1,54,1,53,0" doraHai="98" doraHaiUra="120" who="0" fromWho="0" sc="200,89,180,-20,221,-20,389,-39" /><INIT seed="4,0,0,3,2,25" ten="289,160,201,350" oya="0" hai0="5,73,29,45,20,83,8,106,81,39,15,22,63" hai1="99,127,7,1,77,125,114,123,9,84,82,65,3" hai2="117,91,98,23,16,52,130,17,30,53,61,113,90" hai3="118,0,86,36,46,40,134,124,10,13,21,38,62"/><T58/><D106/><U34/><E123/><V35/><F113/><W132/><G118/><T4/><D4/><U14/><E114/><V115/><F115/><W96/><G124/><N who="1" m="47690" /><E34/><V119/><F130/><W12/><G36/><T33/><D39/><U101/><E65/><V56/><F53/><W89/><G96/><T19/><D45/><U88/><E77/><V47/><F47/><W80/><G62/><T42/><D42/><U70/><E70/><V64/><F64/><W78/><G21/><T31/><D22/><U129/><E129/><V6/><F6/><N who="3" m="1351" /><G89/><N who="2" m="33801" /><F98/><W97/><G97/><T100/><D33/><U44/><E44/><V112/><F112/><W49/><G49/><T126/><D100/><U72/><E72/><V121/><F35/><W102/><G102/><T110/><D110/><U41/><E41/><V85/><F121/><W87/><G86/><T95/><D95/><AGARI ba="0,0" hai="1,3,7,9,14,82,84,88,95,99,101" m="47690" machi="95" ten="30,2000,0" yaku="18,1,54,1" doraHai="25" who="1" fromWho="0" sc="289,-20,160,20,201,0,350,0" /><INIT seed="5,0,0,4,0,2" ten="269,180,201,350" oya="1" hai0="27,34,25,47,44,3,120,6,48,76,53,70,5" hai1="125,115,88,60,105,63,133,96,109,24,57,22,95" hai2="4,101,18,16,14,37,110,130,122,86,20,39,93" hai3="30,26,98,36,121,77,40,78,112,51,42,113,49"/><U114/><E133/><V62/><F110/><W84/><G121/><T41/><D70/><U65/><E125/><V55/><F122/><W75/><G75/><T50/><D34/><U69/><E105/><V66/><F130/><W83/><G77/><T108/><D3/><U92/><E92/><V0/><F55/><W9/><G98/><T59/><D108/><U11/><E11/><V64/><F64/><W82/><G82/><T91/><D76/><U80/><E80/><V85/><F18/><W100/><G100/><T131/><D131/><U46/><E46/><V58/><F85/><W31/><G9/><T45/><D120/><U102/><E102/><V129/><F129/><W56/><G31/><T106/><D106/><U68/><E109/><V12/><F0/><W103/><G103/><T7/><D41/><N who="3" m="15977" /><G56/><N who="0" m="32807" /><D91/><U17/><REACH who="1" step="1"/><E69/><REACH who="1" ten="269,170,201,350" step="2"/><V111/><F111/><W89/><G83/><T128/><D128/><U23/><E23/><V10/><REACH who="2" step="1"/><F101/><REACH who="2" ten="269,170,191,350" step="2"/><W104/><G104/><T15/><D45/><U43/><E43/><V8/><F8/><W116/><G78/><T123/><D123/><U94/><E94/><V99/><F99/><W67/><G84/><T71/><D47/><U107/><E107/><V79/><F79/><W119/><G89/><AGARI ba="0,2" hai="4,10,12,14,16,20,37,39,58,62,66,86,89,93" machi="89" ten="40,5200,0" yaku="1,1,52,1,54,1,53,0" doraHai="2" doraHaiUra="97" who="2" fromWho="3" sc="269,0,170,0,191,72,350,-52" /><INIT seed="6,0,0,1,3,94" ten="269,170,263,298" oya="2" hai0="119,100,73,57,34,32,22,4,25,129,21,55,101" hai1="48,93,54,99,75,124,65,2,3,112,59,132,125" hai2="66,13,61,60,110,20,83,107,56,118,30,0,98" hai3="27,116,106,89,38,40,39,115,120,117,14,43,51"/><V23/><F118/><W28/><G120/><T86/><D73/><U64/><E75/><V1/><F110/><W104/><G14/><T77/><D4/><U16/><E112/><V49/><F49/><W92/><G51/><T17/><D129/><U24/><E132/><V78/><F60/><W37/><G115/><T31/><D34/><U52/><E54/><V42/><F42/><W109/><G109/><T121/><D32/><U123/><E123/><V62/><F62/><W131/><G131/><T130/><D130/><U70/><E2/><V87/><F23/><W8/><G8/><T102/><D119/><U6/><E6/><V81/><F81/><W76/><G76/><T127/><D127/><N who="1" m="48715" /><E3/><V103/><REACH who="2" step="1"/><F13/><REACH who="2" ten="269,170,253,298" step="2"/><W105/><G117/><T18/><D22/><N who="1" m="13383" /><E70/><V15/><F15/><W44/><G116/><T53/><D121/><U108/><E108/><V88/><F88/><AGARI ba="0,1" hai="48,52,59,64,65,88,93,99" m="13383,48715" machi="88" ten="30,8000,1" yaku="18,1,52,1,54,3" doraHai="94" who="1" fromWho="2" sc="269,0,170,90,253,-80,298,0" /><INIT seed="7,0,0,3,1,19" ten="269,260,173,298" oya="3" hai0="58,54,81,18,117,103,57,91,102,74,5,88,97" hai1="106,69,67,114,29,56,6,126,98,112,17,68,60" hai2="40,59,110,61,52,62,85,11,43,72,109,63,73" hai3="89,115,12,30,100,50,134,13,119,24,83,39,34"/><W49/><G119/><T84/><D74/><U132/><E6/><V76/><F85/><W78/><G39/><T55/><D5/><U113/><E132/><V20/><F11/><W129/><G134/><T16/><D117/><U82/><E126/><V118/><F118/><W92/><G100/><N who="0" m="38443" /><D97/><U123/><E123/><V4/><F4/><W77/><G78/><T45/><D45/><U15/><E29/><V99/><F99/><W107/><G107/><T53/><D91/><U65/><E65/><V32/><F32/><W94/><G129/><T122/><D122/><U36/><E36/><V111/><F76/><W133/><G133/><T21/><D18/><U22/><E82/><V90/><F90/><W48/><G115/><T9/><D9/><U135/><E135/><V108/><N who="2" m="27648" /><DORA hai="120" /><V27/><F72/><W95/><REACH who="3" step="1"/><G89/><REACH who="3" ten="269,260,173,288" step="2"/><T131/><D131/><U93/><E106/><V42/><REACH who="2" step="1"/><F73/><AGARI ba="0,1" hai="12,13,24,30,34,48,49,50,73,77,83,92,94,95" machi="73" ten="40,7700,0" yaku="1,1,2,1,53,1" doraHai="19,120" doraHaiUra="26,64" who="3" fromWho="2" sc="269,0,260,0,173,-77,288,87" owari="269,6.9,260,-14.0,96,-40.4,375,47.5" /></mjloggm>