<mjloggm ver="2.3"><GO type="169" lobby="0"/><UN n0="%E5%A5%88%E8%89%AF%E3%82%B7%E3%82%AB%E3%83%9E%E3%83%AB%EF%BC%81" n1="%6D%61%6A%75%6E%69%61" n2="%E8%A6%9A%E9%86%92%E3%81%97%E3%81%9F%E3%81%A8%E3%81%BE%E3%81%A8" n3="%E3%81%98%E3%82%83%E3%82%93%E3%81%9B%E3%81%84" dan="16,16,17,17" rate="2170.99,2112.85,2210.70,2090.12" sx="M,M,M,M"/><TAIKYOKU oya="0"/><INIT seed="0,0,0,3,1,104" ten="250,250,250,250" oya="0" hai0="19,113,119,20,27,74,30,17,41,0,114,84,3" hai1="123,2,9,61,43,18,11,102,112,106,111,60,132" hai2="52,103,91,51,50,64,79,96,81,133,15,59,63" hai3="6,109,32,29,36,134,88,92,116,7,5,46,25"/><T8/><D41/><U44/><E123/><V80/><F133/><W42/><G109/><T55/><D55/><U62/><E132/><V129/><F129/><W49/><G134/><T87/><D84/><U93/><E112/><N who="0" m="43113" /><D74/><U89/><E111/><V117/><F117/><W98/><REACH who="3" step="1"/><G116/><REACH who="3" ten="250,250,250,240" step="2"/><T78/><D119/><U115/><E115/><V69/><F15/><W125/><G125/><T23/><D87/><U45/><E2/><N who="0" m="553" /><D78/><U100/><E106/><V28/><F79/><W105/><G105/><T4/><D23/><U68/><E9/><V76/><F76/><W56/><G56/><T94/><D94/><U121/><E68/><V12/><F59/><W22/><G22/><T70/><D70/><U75/><E75/><V131/><F69/><W135/><G135/><T107/><D107/><U24/><E11/><V72/><F72/><W47/><G47/><T97/><D97/><U110/><E45/><V53/><F96/><W13/><G13/><AGARI ba="0,1" hai="4,8,13,17,19,20,27,30" m="553,43113" machi="13" ten="30,2900,0" yaku="34,2" doraHai="104" who="0" fromWho="3" sc="250,39,250,0,250,0,240,-29" /><INIT seed="0,1,0,5,3,82" ten="289,250,250,211" oya="0" hai0="125,112,121,129,63,123,9,132,25,71,97,64,30" hai1="127,99,85,100,2,17,34,126,120,60,28,33,130" hai2="81,47,76,41,14,38,135,8,0,43,115,58,87" hai3="98,103,39,78,23,111,57,68,108,114,54,131,65"/><T86/><D112/><U67/><E120/><V29/><F115/><W102/><G114/><T62/><D125/><N who="1" m="47627" /><E2/><V61/><F135/><W117/><G117/><T31/><D132/><U18/><E130/><V88/><F29/><W110/><G39/><T7/><D129/><U12/><E85/><V4/><F41/><W94/><G131/><T27/><D97/><U11/><E28/><V50/><F38/><W91/><G78/><T69/><D86/><U5/><E17/><V133/><F133/><W49/><REACH who="3" step="1"/><G23/><REACH who="3" ten="289,250,250,201" step="2"/><T106/><D121/><U124/><N who="1" m="47635" /><U105/><DORA hai="48" /><E5/><V13/><REACH who="2" step="1"/><F76/><REACH who="2" ten="289,250,240,201" step="2"/><W44/><G44/><T42/><D123/><U118/><E118/><V10/><F10/><W45/><G45/><T40/><D9/><U89/><E11/><V21/><F21/><W52/><G52/><AGARI ba="1,2" hai="0,4,8,13,14,43,47,50,52,58,61,81,87,88" machi="52" ten="30,12000,2" yaku="1,1,7,1,52,2,54,2,53,1" doraHai="82,48" doraHaiUra="90,3" who="2" fromWho="3" sc="289,0,250,0,240,143,201,-123" /><INIT seed="1,0,0,1,5,22" ten="289,250,383,78" oya="1" hai0="132,63,104,66,135,54,125,96,19,26,20,124,6" hai1="7,83,70,45,57,79,53,120,35,74,101,82,107" hai2="52,55,68,133,43,30,127,13,40,27,44,48,81" hai3="58,113,1,31,64,93,21,103,38,105,29,39,17"/><U10/><E120/><V12/><F68/><W112/><G1/><T91/><D6/><U95/><E35/><V11/><F133/><N who="0" m="51274" /><D54/><U100/><E70/><V123/><F123/><W90/><G105/><T72/><D72/><U110/><E110/><V25/><F127/><N who="0" m="48714" /><D91/><U118/><E118/><V47/><F81/><W73/><G73/><T61/><D66/><U128/><E83/><V14/><F11/><W92/><G90/><T51/><D51/><U119/><E45/><V34/><REACH who="2" step="1"/><F27/><REACH who="2" ten="289,250,373,78" step="2"/><W49/><G113/><T23/><D23/><U108/><E10/><V33/><F33/><W131/><G112/><T94/><D94/><U99/><E95/><V88/><F88/><W87/><G92/><T75/><D75/><U32/><E74/><V42/><F42/><W76/><G93/><T4/><D4/><U56/><E32/><V50/><AGARI ba="0,1" hai="12,13,14,25,30,34,40,43,44,47,48,50,52,55" machi="50" ten="30,12000,2" yaku="1,1,0,1,9,1,52,1,54,1,53,2" doraHai="22" doraHaiUra="37" who="2" fromWho="2" sc="289,-30,250,-60,373,130,78,-30" /><INIT seed="2,0,0,0,4,53" ten="259,190,503,48" oya="2" hai0="113,2,58,83,68,98,84,27,134,33,82,5,54" hai1="59,6,106,31,79,49,112,131,17,87,55,129,13" hai2="80,34,95,52,76,36,93,81,103,114,90,117,62" hai3="46,28,111,133,41,110,115,118,24,15,107,66,56"/><V1/><F36/><W35/><G118/><T67/><D113/><U40/><E112/><V70/><F34/><W45/><G107/><T116/><D116/><U60/><E106/><V135/><F114/><W99/><G115/><T85/><D134/><U78/><E31/><V61/><F1/><W38/><G133/><T77/><D67/><U19/><E6/><V65/><F117/><W12/><G46/><T23/><D33/><U121/><E121/><V47/><F135/><W32/><G32/><T123/><D68/><U125/><E125/><V51/><F103/><W37/><G37/><T128/><D128/><N who="1" m="49227" /><E87/><V9/><F9/><W25/><G25/><T102/><D5/><U43/><E17/><V11/><F11/><W64/><G99/><T21/><D2/><U26/><E26/><V91/><F61/><W100/><G100/><T101/><D98/><U39/><E39/><V29/><F29/><W18/><G12/><T20/><D27/><U122/><E122/><V44/><F44/><W86/><G86/><T92/><D92/><U96/><E96/><V48/><F76/><N who="1" m="29225" /><E60/><V74/><F74/><W3/><G3/><T10/><D123/><U57/><E57/><V4/><F4/><W69/><G56/><T104/><D104/><U50/><E50/><V71/><F51/><W75/><G75/><T7/><D85/><U42/><E42/><V132/><F71/><W119/><G119/><T73/><D73/><U89/><E89/><N who="2" m="33803" /><F132/><W22/><REACH who="3" step="1"/><G69/><REACH who="3" ten="259,190,503,38" step="2"/><T94/><D84/><U88/><E88/><V124/><F124/><W109/><AGARI ba="0,1" hai="15,18,22,24,28,35,38,41,45,64,66,109,110,111" machi="109" ten="30,8000,1" yaku="1,1,2,1,0,1,14,1,53,1" doraHai="53" doraHaiUra="14" who="3" fromWho="3" sc="259,-20,190,-20,503,-40,38,90" /><INIT seed="3,0,0,4,5,19" ten="239,170,463,128" oya="3" hai0="110,44,113,102,47,80,32,42,9,20,11,133,54" hai1="103,90,112,111,46,127,123,41,117,130,57,116,96" hai2="83,48,76,94,16,87,78,66,71,59,105,15,40" hai3="1,6,25,97,33,129,14,34,23,67,101,4,24"/><W89/><G67/><T45/><D32/><N who="3" m="12393" /><G89/><T22/><D113/><U63/><E112/><V108/><F105/><W69/><G69/><T49/><D110/><U29/><E29/><V122/><F108/><W98/><G101/><T3/><D3/><U118/><E123/><V61/><F122/><W82/><G82/><T124/><D133/><U131/><E111/><V120/><F120/><W99/><G129/><N who="1" m="49162" /><E90/><V2/><F2/><W58/><G58/><N who="0" m="33103" /><D124/><U43/><E127/><V18/><F94/><W126/><G126/><T115/><D115/><U0/><E0/><V125/><F125/><W119/><G119/><N who="1" m="30466" /><U77/><DORA hai="28" /><E77/><V128/><F128/><W93/><G1/><T5/><D5/><N who="3" m="2153" /><G93/><T7/><D7/><U68/><E68/><V37/><F71/><W55/><G55/><T92/><D80/><U85/><E85/><V51/><F87/><W104/><G104/><T53/><D53/><N who="1" m="34223" /><E46/><V88/><F83/><W81/><G81/><T91/><D102/><U70/><E70/><V75/><F78/><W17/><G99/><N who="0" m="57759" /><D42/><U109/><E109/><V73/><F40/><W106/><G106/><AGARI ba="0,0" hai="41,43,96,103,106" m="34223,30466,49162" machi="106" ten="40,2600,0" yaku="19,1,12,1" doraHai="19,28" who="1" fromWho="3" sc="239,0,170,26,463,0,128,-26" /><INIT seed="4,0,0,3,0,79" ten="239,196,463,102" oya="0" hai0="51,67,52,32,135,75,94,128,69,91,131,0,4" hai1="26,47,85,49,21,106,60,30,36,2,88,74,89" hai2="82,93,84,31,78,86,38,62,8,61,122,133,108" hai3="98,43,54,1,14,107,97,25,115,95,66,110,134"/><T116/><D116/><U44/><E74/><V29/><F108/><W109/><G1/><T40/><D32/><U83/><E2/><V15/><F122/><W125/><G125/><T58/><D75/><U118/><E118/><V18/><F38/><W10/><G115/><T48/><D4/><U123/><E123/><V24/><F133/><W81/><G134/><T27/><D0/><U64/><E106/><V37/><F37/><W7/><G43/><T105/><D105/><U73/><E73/><V11/><F11/><W19/><G66/><T6/><D6/><U55/><E36/><V46/><F46/><W33/><G107/><T129/><D27/><U119/><E119/><V41/><F41/><W130/><G130/><T96/><D135/><U113/><E113/><V121/><F121/><W59/><G98/><T112/><D112/><U124/><E124/><V9/><F9/><W20/><G33/><T22/><D22/><U16/><E44/><V70/><F70/><W99/><G99/><T57/><D40/><U13/><E89/><N who="2" m="53415" /><F24/><W63/><REACH who="3" step="1"/><G81/><REACH who="3" ten="239,196,463,92" step="2"/><T90/><D67/><U50/><E64/><V34/><F34/><W127/><G127/><T126/><D126/><U65/><E65/><V23/><F82/><W117/><G117/><T111/><D69/><U45/><E60/><V35/><F35/><W76/><G76/><T3/><D3/><U114/><E114/><V72/><F78/><W92/><G92/><T132/><D132/><U77/><E77/><V87/><F62/><W5/><G5/><T101/><D111/><U71/><E71/><V56/><F61/><RYUUKYOKU ba="0,1" sc="239,15,196,-15,463,-15,92,15" hai0="48,51,52,57,58,90,91,94,96,101,128,129,131" hai3="7,10,14,19,20,25,54,59,63,95,97,109,110" /><INIT seed="4,1,1,1,4,99" ten="254,181,448,107" oya="0" hai0="62,7,30,67,44,130,92,9,5,116,37,135,10" hai1="1,100,41,8,65,26,80,103,115,79,13,42,55" hai2="54,48,11,132,56,105,128,12,104,81,97,125,114" hai3="76,78,22,33,21,86,51,118,91,40,47,127,108"/><T68/><D116/><U117/><E1/><V109/><F109/><W102/><G108/><T87/><D130/><U71/><E117/><V131/><F114/><W57/><G127/><T14/><D135/><U27/><E71/><V83/><F132/><W17/><G33/><T84/><D30/><U122/><E122/><V64/><F125/><W113/><G113/><T6/><D6/><U20/><E65/><V24/><F24/><W129/><G129/><N who="2" m="49737" /><F64/><W18/><G57/><T88/><D44/><U34/><E34/><V74/><F97/><W3/><G3/><T101/><D37/><U31/><E26/><V32/><F32/><W93/><G102/><N who="1" m="38954" /><E55/><V73/><F105/><W121/><G121/><T133/><D101/><U35/><E35/><V70/><F70/><W126/><G126/><T45/><D133/><U28/><E28/><V75/><F104/><W16/><REACH who="3" step="1"/><G118/><REACH who="3" ten="254,181,448,97" step="2"/><T49/><D68/><U53/><E115/><V134/><F134/><W110/><G110/><T72/><D45/><U19/><E53/><V89/><F54/><W39/><G39/><T85/><D67/><U29/><E29/><V69/><F69/><W124/><G124/><T107/><D107/><U90/><E79/><AGARI ba="1,2" hai="16,17,18,21,22,40,47,51,76,78,79,86,91,93" machi="79" ten="40,8000,1" yaku="1,1,8,1,54,1,53,1" doraHai="99" doraHaiUra="46" who="3" fromWho="1" sc="254,0,181,-83,448,0,97,103" /><INIT seed="5,0,0,3,0,47" ten="254,98,448,200" oya="1" hai0="129,78,134,51,124,92,68,62,49,90,22,96,76" hai1="123,109,100,116,60,95,4,25,19,97,15,88,50" hai2="48,70,66,111,8,21,117,112,46,16,93,120,79" hai3="17,61,83,65,84,26,38,80,27,3,33,75,13"/><U53/><E116/><V108/><F117/><W69/><G3/><T43/><D124/><U94/><E123/><V18/><F120/><W24/><G33/><T135/><D129/><U44/><E109/><V114/><F79/><N who="0" m="30250" /><D43/><U11/><E60/><N who="2" m="40263" /><F93/><W45/><G75/><T72/><D72/><U104/><E104/><V105/><F105/><W133/><G133/><N who="0" m="50699" /><D22/><U28/><E28/><V23/><F8/><W35/><G35/><T58/><D68/><U77/><E77/><V7/><F7/><W85/><G38/><T56/><D56/><U106/><E106/><V74/><F74/><W6/><G6/><T37/><D37/><U34/><E34/><V125/><F23/><W39/><G39/><T9/><D9/><U30/><E4/><V81/><F18/><W115/><G17/><T1/><D1/><U63/><E63/><V98/><F125/><W52/><G13/><T87/><D96/><U122/><E122/><V86/><F98/><W59/><G85/><T118/><D118/><U42/><E30/><V131/><F86/><W2/><G84/><T107/><D107/><U73/><E73/><V89/><F131/><W91/><G2/><T41/><D41/><U31/><E31/><V20/><F111/><W110/><G110/><T126/><D126/><U119/><E119/><V101/><F21/><W102/><G24/><T99/><D87/><N who="1" m="52511" /><E25/><V55/><F108/><W121/><G26/><T128/><D128/><U64/><E64/><AGARI ba="0,0" hai="49,51,58,62,64,90,92,99" m="50699,30250" machi="64" ten="30,3900,0" yaku="20,1,52,2" doraHai="47" who="0" fromWho="1" sc="254,39,98,-39,448,0,200,0" /><INIT seed="6,0,0,4,2,59" ten="293,59,448,200" oya="2" hai0="9,47,92,68,108,102,99,36,2,10,83,22,118" hai1="29,112,87,85,72,86,27,13,105,75,133,128,49" hai2="103,14,11,132,66,42,24,7,60,54,115,51,43" hai3="107,127,23,110,81,119,64,79,69,113,35,120,50"/><V90/><F115/><W97/><G35/><T33/><D108/><U98/><E128/><V74/><F74/><W40/><G120/><T6/><D33/><U53/><E133/><V84/><F103/><W101/><G127/><T19/><D118/><U109/><E109/><V45/><F132/><W16/><G113/><T48/><D36/><U104/><E13/><V114/><F24/><W57/><G119/><T129/><D129/><U124/><E124/><V56/><F114/><W52/><G40/><T3/><D68/><U130/><E130/><V26/><F26/><W106/><G106/><T67/><D67/><U117/><E117/><V5/><F5/><W134/><G134/><T65/><D65/><U20/><E112/><V122/><F122/><W25/><G110/><T93/><D83/><AGARI ba="0,0" hai="7,11,14,42,43,45,51,54,56,60,66,83,84,90" machi="83" ten="30,5800,0" yaku="7,1,8,1,52,1" doraHai="59" who="2" fromWho="0" sc="293,-58,59,0,448,58,200,0" /><INIT seed="6,1,0,1,0,100" ten="235,59,506,200" oya="2" hai0="80,12,76,126,64,59,77,73,49,115,13,54,52" hai1="55,8,20,6,43,75,60,101,37,48,57,22,3" hai2="113,81,99,98,84,78,97,35,95,106,91,31,10" hai3="4,29,32,53,94,65,46,111,127,86,79,119,125"/><V131/><F31/><W24/><G119/><T61/><D115/><U34/><E34/><V36/><F35/><W7/><G65/><T2/><D2/><U83/><E101/><N who="2" m="62767" /><F10/><W132/><G132/><T27/><D126/><N who="3" m="48137" /><G111/><T114/><D114/><U118/><E118/><V89/><F36/><W33/><G33/><T45/><D77/><U41/><E41/><V51/><F51/><N who="3" m="28919" /><G94/><T134/><D134/><U124/><E124/><V40/><F40/><W15/><G15/><T72/><D72/><U74/><E74/><N who="2" m="43223" /><F113/><W19/><G19/><T93/><D93/><U112/><E112/><V130/><F99/><W104/><G4/><T121/><D27/><U9/><E9/><V82/><AGARI ba="1,0" hai="82,84,89,91,95,98,130,131" m="43223,62767" machi="82" ten="30,6000,0" yaku="34,2,52,1" doraHai="100" who="2" fromWho="2" sc="235,-21,59,-21,506,63,200,-21" /><INIT seed="6,2,0,4,2,21" ten="214,38,569,179" oya="2" hai0="10,23,2,109,135,81,13,63,49,12,44,24,45" hai1="26,51,56,68,124,100,34,115,61,133,73,69,125" hai2="134,42,98,72,47,66,116,104,18,52,67,112,50" hai3="53,62,28,110,54,80,65,33,4,97,38,77,96"/><V99/><F116/><W113/><G38/><T74/><D109/><U5/><E73/><V119/><F119/><W64/><G4/><T14/><D135/><U31/><E133/><V6/><F134/><W111/><G113/><T22/><D22/><U30/><E115/><V129/><F112/><W130/><G80/><T95/><D63/><U36/><E36/><V127/><F127/><W39/><G77/><T89/><D81/><U117/><E117/><V87/><F72/><W25/><G39/><T120/><D120/><U59/><E5/><V79/><F129/><W37/><G37/><T78/><D78/><U121/><E121/><V29/><F29/><W35/><G62/><T86/><D74/><U90/><E100/><V43/><F104/><W103/><G103/><T82/><D45/><U32/><E90/><V126/><F6/><W55/><G130/><T19/><D2/><U1/><E61/><V92/><F126/><W107/><G107/><T101/><D101/><U70/><E1/><V11/><F79/><W7/><G7/><T27/><D95/><U131/><E131/><V8/><F92/><W83/><G111/><T60/><D60/><U88/><E88/><V128/><F87/><W75/><G75/><T132/><D132/><U15/><E15/><N who="0" m="5705" /><D10/><U20/><E20/><V17/><F128/><W57/><G110/><T0/><D0/><U108/><E108/><V84/><F84/><W91/><G35/><T48/><D48/><U118/><E118/><V41/><F8/><W58/><G33/><T76/><D76/><U16/><E51/><V3/><F3/><RYUUKYOKU ba="2,0" sc="214,30,38,-10,569,-10,179,-10" hai0="14,19,23,24,27,44,49,82,86,89" /><INIT seed="7,3,0,2,0,9" ten="244,28,559,169" oya="3" hai0="98,8,49,74,127,15,26,33,24,68,115,87,110" hai1="48,91,53,132,104,56,31,130,128,58,100,25,23" hai2="63,90,78,64,12,20,106,32,21,66,131,75,99" hai3="111,77,88,134,35,122,118,52,124,42,27,120,117"/><W86/><G42/><T102/><D110/><U108/><E108/><V129/><F32/><W65/><G65/><T57/><D68/><U80/><E132/><V2/><F2/><W121/><G111/><T36/><D74/><U71/><E71/><V69/><F66/><W61/><G77/><T3/><D3/><U94/><E104/><V4/><F12/><W83/><G124/><T34/><D36/><U30/><E80/><N who="2" m="45151" /><F4/><W112/><G112/><T97/><D115/><U14/><E100/><N who="2" m="62751" /><F90/><W105/><G105/><T72/><D34/><U79/><E79/><V70/><F70/><W51/><G61/><T84/><D33/><U29/><E48/><V125/><F125/><W11/><G11/><T135/><D49/><U10/><E53/><V28/><F28/><W54/><G134/><T116/><D8/><U92/><E91/><V73/><F73/><W17/><G54/><T7/><D72/><U59/><E23/><V13/><F13/><W107/><G107/><T126/><D15/><U60/><E25/><V16/><F16/><W96/><G96/><T40/><D26/><U82/><E82/><V89/><F89/><W50/><G50/><T39/><D24/><U113/><E60/><V1/><F1/><W0/><G0/><T19/><D127/><U85/><E85/><V41/><F41/><W67/><G67/><T109/><D87/><U46/><E46/><V62/><F62/><W95/><G86/><T43/><D84/><U119/><E113/><V81/><F81/><W93/><G83/><T5/><D126/><U45/><E119/><V37/><F37/><RYUUKYOKU ba="3,0" sc="244,-10,28,-10,559,30,169,-10" hai2="20,21,63,64,69,129,131" owari="234,3.4,18,-48.2,589,68.9,159,-24.1" /></mjloggm>