<mjloggm ver="2.3"><GO type="169" lobby="0"/><UN n0="%E3%82%B5%E3%83%95%E3%82%A9%E3%83%BC%E3%82%AF%E3%81%AE%E7%94%BA" n1="%E3%83%8F%E3%82%AC%E3%82%BF%E3%82%AB%E3%81%AE%E3%81%88%E3%81%98%E3%81%8D" n2="%E7%9F%A5%E3%82%89%E3%82%93%E3%81%8C%E3%81%AA" n3="%E3%81%A1%E3%81%AA%E9%B7%B2" dan="16,16,16,16" rate="2151.96,2128.09,2141.96,2103.35" sx="M,M,M,M"/><TAIKYOKU oya="0"/><INIT seed="0,0,0,2,3,6" ten="250,250,250,250" oya="0" hai0="11,89,2,81,25,120,57,8,93,112,30,121,113" hai1="65,100,55,3,14,90,67,19,35,80,37,105,18" hai2="22,127,69,1,52,126,23,0,42,102,92,40,70" hai3="118,116,43,54,91,85,10,107,31,119,132,99,60"/><T86/><D57/><U110/><E3/><N who="2" m="1099" /><F92/><W74/><G31/><T103/><D2/><U114/><E110/><V134/><F102/><W34/><G34/><T29/><D29/><U109/><E109/><V83/><F83/><W58/><G74/><T49/><D49/><U77/><E37/><V46/><F52/><W115/><G115/><T82/><D113/><U64/><E35/><V78/><F78/><W79/><G79/><T45/><D45/><U72/><E114/><V128/><F46/><W133/><G43/><N who="2" m="16425" /><F134/><W129/><G99/><T5/><D112/><U13/><E90/><V12/><F12/><W95/><G107/><T48/><D48/><U106/><E100/><V38/><F38/><W124/><G133/><T61/><D5/><U68/><E68/><N who="2" m="26219" /><F128/><W98/><G132/><T41/><D41/><U15/><REACH who="1" step="1"/><E55/><REACH who="1" ten="250,240,250,250" step="2"/><V24/><F24/><W125/><G129/><T123/><D103/><U76/><E76/><V84/><F84/><W44/><G85/><T26/><D26/><U27/><E27/><V7/><F7/><W117/><G117/><T21/><REACH who="0" step="1"/><D61/><REACH who="0" ten="240,240,250,250" step="2"/><U36/><E36/><V97/><F127/><W71/><G125/><T101/><D101/><U63/><E63/><V75/><F126/><W87/><G124/><T33/><D33/><U96/><E96/><V104/><F97/><W32/><G98/><T59/><D59/><U94/><E94/><V28/><F104/><AGARI ba="0,2" hai="13,14,15,18,19,64,65,67,72,77,80,104,105,106" machi="104" ten="50,3200,0" yaku="1,1,53,1" doraHai="6" doraHaiUra="73" who="1" fromWho="2" sc="240,0,240,52,250,-32,250,0" /><INIT seed="1,0,0,2,2,124" ten="240,292,218,250" oya="1" hai0="94,91,104,135,127,46,87,109,99,86,112,120,29" hai1="69,48,24,37,38,12,117,34,16,39,8,67,17" hai2="55,77,82,4,83,71,27,61,21,126,15,78,50" hai3="76,119,134,73,42,52,128,111,103,9,58,22,31"/><U0/><E117/><V79/><F126/><W53/><G42/><T3/><D3/><U123/><E123/><V32/><F71/><W132/><G103/><T64/><D112/><U121/><E121/><V106/><F106/><W84/><G73/><T115/><D115/><U23/><E0/><V113/><F61/><W25/><G119/><T90/><D127/><U65/><E69/><V30/><F113/><W10/><G111/><T56/><D109/><U6/><E34/><V1/><F1/><W18/><G53/><T36/><D135/><N who="3" m="51753" /><G128/><T125/><D120/><U35/><E35/><V108/><F108/><W59/><G59/><T105/><D56/><U41/><REACH who="1" step="1"/><E6/><REACH who="1" ten="240,282,218,250" step="2"/><V74/><F32/><W133/><G133/><T43/><D125/><U95/><E95/><V70/><F70/><W13/><G76/><T63/><D105/><U20/><E20/><V118/><F118/><W101/><G9/><T11/><D11/><U62/><E62/><V60/><F60/><W68/><G68/><T40/><D104/><U19/><E19/><V26/><F78/><W102/><G84/><T81/><D87/><U2/><E2/><V57/><F77/><W97/><G97/><T45/><D63/><AGARI ba="0,1" hai="10,13,18,22,25,31,52,58,63,101,102" m="51753" machi="63" ten="30,2000,0" yaku="20,1,54,1" doraHai="124" who="3" fromWho="0" sc="240,-20,282,0,218,0,250,30" /><INIT seed="2,0,0,5,5,14" ten="220,282,218,280" oya="2" hai0="79,89,3,112,23,121,116,40,122,28,99,60,82" hai1="6,13,96,68,111,118,8,133,17,4,37,70,107" hai2="132,2,125,127,102,58,84,104,53,101,45,135,50" hai3="72,10,128,59,85,81,56,105,47,1,12,51,43"/><V115/><F2/><W92/><G105/><T113/><D3/><U57/><E118/><V76/><F115/><W11/><G1/><T109/><D40/><U75/><E75/><V130/><F76/><W48/><G128/><T124/><D60/><U7/><E37/><V100/><F104/><W66/><G51/><T55/><D55/><U24/><E111/><V63/><F84/><W29/><G66/><T110/><D28/><U34/><E133/><N who="2" m="51275" /><F130/><W134/><G29/><T73/><D23/><U21/><E34/><V69/><F69/><W114/><G11/><T42/><D42/><AGARI ba="0,0" hai="42,45,50,53,58,63,100,101,102,125,127" m="51275" machi="42" ten="30,1500,0" yaku="20,1" doraHai="14" who="2" fromWho="0" sc="220,-15,282,0,218,15,280,0" /><INIT seed="2,1,0,0,2,44" ten="205,282,233,280" oya="2" hai0="78,93,38,105,133,51,74,130,75,16,109,113,122" hai1="13,54,18,11,126,106,21,20,81,19,98,90,26" hai2="119,65,27,42,83,124,110,4,97,9,35,14,135" hai3="59,96,73,79,85,31,34,100,8,132,94,87,131"/><V72/><F119/><W128/><G31/><T129/><D38/><U66/><E126/><V7/><F124/><W80/><G34/><T15/><D105/><U41/><E106/><V127/><F127/><W23/><G8/><T103/><D113/><U43/><E66/><V91/><F135/><W63/><G23/><T36/><D36/><U29/><E54/><V33/><F110/><W67/><REACH who="3" step="1"/><G132/><REACH who="3" ten="205,282,233,270" step="2"/><T118/><D133/><U1/><E21/><V52/><F9/><W71/><G71/><T107/><D129/><AGARI ba="1,1" hai="59,63,67,73,79,80,85,87,94,96,100,128,129,131" machi="129" ten="40,5200,0" yaku="1,1,19,1,53,1" doraHai="44" doraHaiUra="88" who="3" fromWho="0" sc="205,-55,282,0,233,0,270,65" /><INIT seed="3,0,0,2,0,133" ten="150,282,233,335" oya="3" hai0="60,71,112,7,116,65,40,5,41,45,91,64,107" hai1="39,94,115,50,21,15,77,76,19,126,101,69,25" hai2="47,130,111,2,135,92,6,110,16,103,43,124,134" hai3="87,52,118,24,120,28,9,106,32,20,81,132,117"/><W83/><G120/><T4/><D116/><U26/><E39/><V109/><F130/><W97/><G132/><N who="2" m="50729" /><F124/><W129/><G129/><T82/><D107/><U18/><E69/><V96/><F2/><W53/><G81/><T122/><D122/><U38/><E38/><N who="2" m="22007" /><F6/><W10/><G32/><T84/><D45/><U42/><E115/><V114/><F114/><W125/><G125/><T59/><D112/><U55/><E126/><V105/><F16/><W30/><G28/><T54/><REACH who="0" step="1"/><D71/><REACH who="0" ten="140,282,233,335" step="2"/><U11/><E42/><AGARI ba="0,1" hai="4,5,7,40,41,42,54,59,60,64,65,82,84,91" machi="42" ten="40,5200,0" yaku="1,1,2,1,8,1,53,0" doraHai="133" doraHaiUra="99" who="0" fromWho="1" sc="140,62,282,-52,233,0,335,0" /><INIT seed="4,0,0,2,5,105" ten="202,230,233,335" oya="0" hai0="3,38,84,45,65,40,37,21,126,48,134,31,64" hai1="83,104,89,4,118,26,34,132,111,90,2,1,96" hai2="109,98,103,60,130,53,46,51,58,128,25,129,77" hai3="63,13,86,112,88,57,91,117,55,47,9,121,61"/><T81/><D3/><U76/><E118/><V59/><F109/><W52/><G112/><T94/><D134/><U14/><E111/><V99/><F77/><W20/><G121/><T127/><D94/><U78/><E132/><V54/><F25/><W17/><G117/><T28/><D65/><U100/><E78/><V74/><F74/><W72/><G72/><T30/><D64/><U10/><E34/><V87/><F87/><W22/><G91/><T79/><REACH who="0" step="1"/><D21/><REACH who="0" ten="192,230,233,335" step="2"/><U32/><E1/><V70/><F70/><W35/><G35/><T125/><AGARI ba="0,1" hai="28,30,31,37,38,40,45,48,79,81,84,125,126,127" machi="125" ten="40,12000,1" yaku="1,1,2,1,0,1,18,1,53,0" doraHai="105" doraHaiUra="102" who="0" fromWho="0" sc="192,130,230,-40,233,-40,335,-40" /><INIT seed="4,1,0,5,2,23" ten="322,190,193,295" oya="0" hai0="129,109,26,18,101,69,68,94,19,64,24,120,121" hai1="14,43,56,51,87,111,27,38,98,55,74,106,84" hai2="105,91,99,96,61,1,116,54,0,127,124,34,57" hai3="78,81,40,58,115,83,8,123,95,17,66,71,122"/><T5/><D5/><U37/><E74/><V49/><F116/><W62/><G115/><T131/><D94/><U97/><E111/><V20/><F34/><W63/><G40/><T77/><D77/><U100/><E98/><V46/><F99/><W135/><G95/><T31/><D64/><U72/><E72/><V114/><F114/><W67/><G135/><T85/><D85/><U118/><E118/><V32/><F32/><W15/><REACH who="3" step="1"/><G78/><REACH who="3" ten="322,190,193,285" step="2"/><T28/><REACH who="0" step="1"/><D101/><REACH who="0" ten="312,190,193,285" step="2"/><U3/><E106/><V113/><F113/><W12/><G12/><T4/><D4/><U42/><E100/><V52/><F105/><W47/><G47/><T45/><D45/><U70/><E14/><V53/><F46/><W50/><G50/><T75/><D75/><U110/><E51/><V41/><F49/><W103/><G103/><T90/><D90/><U29/><E38/><V93/><F91/><W126/><G126/><T44/><D44/><U25/><E37/><V86/><F93/><W102/><G102/><T88/><D88/><U10/><E43/><V33/><F127/><W117/><G117/><T59/><D59/><U112/><E42/><V35/><F124/><W39/><G39/><T119/><D119/><U65/><E56/><V73/><F41/><W132/><G132/><T128/><D128/><U11/><E87/><V13/><F73/><W76/><G76/><T22/><D22/><U108/><E84/><V104/><F86/><W16/><G16/><T21/><D21/><U36/><E36/><V79/><F79/><W7/><G7/><T2/><D2/><N who="2" m="1130" /><F104/><W30/><G30/><RYUUKYOKU ba="1,2" sc="312,15,190,-15,193,-15,285,15" hai0="18,19,24,26,28,31,68,69,109,120,121,129,131" hai3="8,15,17,58,62,63,66,67,71,81,83,122,123" /><INIT seed="4,2,2,3,3,62" ten="327,175,178,300" oya="0" hai0="9,16,106,7,71,128,124,14,105,130,75,54,125" hai1="44,108,2,114,64,134,77,37,123,10,116,0,34" hai2="112,1,46,119,115,76,3,53,122,48,88,94,63" hai3="55,45,12,30,83,107,50,20,135,32,79,111,21"/><T85/><D75/><U86/><E116/><V121/><F76/><W66/><G111/><T11/><D71/><U18/><E108/><V22/><F22/><W33/><G107/><N who="0" m="40971" /><D54/><U102/><E123/><V82/><F82/><W118/><G118/><T47/><D85/><U129/><E34/><V90/><F119/><W87/><G135/><T24/><D47/><U13/><E102/><V5/><F90/><W42/><G66/><T72/><D72/><U95/><E134/><V91/><F91/><W92/><G92/><T61/><D61/><U4/><E64/><V120/><F63/><W81/><G81/><T117/><D24/><U133/><E133/><V60/><F60/><W131/><G21/><T26/><D26/><U98/><E86/><V80/><F80/><W29/><G32/><T101/><D101/><U127/><E77/><V126/><F5/><W40/><G33/><T70/><D70/><U89/><E89/><V31/><F31/><W68/><G30/><T27/><D27/><U100/><E100/><V28/><F28/><W67/><G29/><T51/><D51/><U23/><E23/><V59/><F46/><W17/><G67/><T103/><D103/><U52/><E44/><V99/><REACH who="2" step="1"/><F126/><REACH who="2" ten="327,175,168,300" step="2"/><N who="0" m="48746" /><D117/><U97/><E127/><V113/><AGARI ba="2,3" hai="1,3,48,53,59,88,94,99,112,113,115,120,121,122" machi="113" ten="40,8000,1" yaku="1,1,0,1,15,1,54,1,53,0" doraHai="62" doraHaiUra="43" who="2" fromWho="2" sc="327,-42,175,-22,168,116,300,-22" /><INIT seed="5,0,0,0,0,96" ten="285,153,284,278" oya="1" hai0="69,1,12,46,119,28,80,22,63,55,67,54,114" hai1="79,131,75,13,116,17,37,121,97,34,31,3,65" hai2="21,29,123,35,64,32,73,40,106,19,88,78,104" hai3="112,70,56,2,36,23,39,42,7,102,89,122,124"/><U53/><E116/><V109/><F109/><W127/><G70/><T84/><D1/><U83/><E121/><V118/><F118/><W81/><G122/><T33/><D119/><U62/><E3/><V87/><F123/><W5/><G112/><T6/><D114/><U15/><E131/><V135/><F64/><W27/><G56/><T9/><D33/><U61/><E37/><V111/><F111/><W92/><G81/><T60/><D60/><U4/><E4/><V98/><F40/><W43/><G43/><T57/><D69/><U24/><E17/><V10/><F10/><W8/><G7/><T103/><D103/><U77/><E77/><V68/><F68/><W115/><G42/><T66/><D66/><U85/><E75/><V20/><F135/><W117/><G102/><T129/><D46/><U95/><E53/><V74/><F29/><N who="3" m="17663" /><G115/><T26/><REACH who="0" step="1"/><D129/><REACH who="0" ten="275,153,284,278" step="2"/><U125/><E62/><V45/><F45/><W94/><G117/><T71/><D71/><U91/><E125/><V50/><F32/><W110/><G110/><T86/><D86/><U16/><E61/><V132/><F35/><W52/><G127/><T120/><D120/><U18/><E65/><V14/><F74/><W113/><G124/><T30/><D30/><U90/><E90/><AGARI ba="0,1" hai="6,9,12,22,26,28,54,55,57,63,67,80,84,90" machi="90" ten="30,3900,0" yaku="1,1,7,1,8,1,53,0" doraHai="96" doraHaiUra="99" who="0" fromWho="1" sc="275,49,153,-39,284,0,278,0" /><INIT seed="6,0,0,4,5,130" ten="324,114,284,278" oya="2" hai0="125,26,71,18,131,16,107,110,17,91,51,47,88" hai1="113,135,41,85,133,74,9,37,90,68,123,36,50" hai2="114,129,127,13,115,1,65,73,95,35,55,62,119" hai3="27,52,54,81,24,82,40,46,39,83,25,8,64"/><V61/><F1/><W112/><G112/><N who="2" m="43049" /><F35/><W38/><G38/><T108/><D107/><U69/><E74/><V94/><F73/><W31/><G64/><T58/><D71/><N who="1" m="27211" /><E113/><V118/><F95/><W87/><G31/><T124/><D58/><U11/><E50/><V19/><F129/><W3/><REACH who="3" step="1"/><G87/><REACH who="3" ten="324,114,284,268" step="2"/><T116/><D131/><U66/><E66/><V97/><F65/><W70/><G70/><T12/><D116/><U23/><E123/><V33/><F118/><W20/><G20/><T45/><D110/><U99/><E23/><N who="2" m="11759" /><F119/><W57/><G57/><T67/><D108/><U30/><E30/><V14/><F33/><W105/><G105/><T75/><D75/><U32/><E32/><V78/><F127/><N who="0" m="48714" /><D67/><U0/><E36/><V104/><F104/><W128/><G128/><T34/><D34/><U89/><E85/><V21/><F21/><W102/><G102/><T117/><D117/><U106/><E106/><V28/><F28/><W72/><G72/><T2/><D26/><U93/><E0/><V5/><F14/><W22/><G22/><T92/><D2/><U77/><E11/><V80/><F5/><AGARI ba="0,1" hai="3,5,8,24,25,27,39,40,46,52,54,81,82,83" machi="5" ten="40,8000,1" yaku="1,1,54,1,53,3" doraHai="130" doraHaiUra="79" who="3" fromWho="2" sc="324,0,114,0,284,-80,268,90" /><INIT seed="7,0,0,3,3,106" ten="324,114,204,358" oya="3" hai0="30,16,39,84,66,15,67,51,116,86,18,69,37" hai1="113,34,25,12,94,24,76,28,123,19,98,35,48" hai2="81,104,114,23,64,92,1,46,89,13,59,126,7" hai3="133,57,132,107,128,120,85,0,61,60,103,5,129"/><W78/><G120/><T117/><D51/><U73/><E123/><V58/><F104/><W4/><G103/><T29/><REACH who="0" step="1"/><D15/><REACH who="0" ten="314,114,204,358" step="2"/><U110/><E110/><V118/><F13/><W74/><G107/><T131/><D131/><N who="3" m="50249" /><G74/><T77/><D77/><U101/><E113/><V102/><F102/><W79/><G79/><T70/><AGARI ba="0,1" hai="16,18,29,30,37,39,66,67,69,70,84,86,116,117" machi="70" ten="25,12000,2" yaku="1,1,0,1,22,2,54,1,53,2" doraHai="106" doraHaiUra="27" who="0" fromWho="0" sc="314,130,114,-30,204,-30,358,-60" owari="444,54.4,84,-41.6,174,-22.6,298,9.8" /></mjloggm>