<mjloggm ver="2.3"><GO type="169" lobby="0"/><UN n0="%4E%4F%2E%E2%85%A0" n1="%E8%A6%9A%E9%86%92%E3%81%97%E3%81%9F%E3%81%A8%E3%81%BE%E3%81%A8" n2="%E3%82%82%E3%82%8A%E3%81%9E%E3%83%BC%33%38" n3="%E3%81%9F%E3%81%8B%E3%81%AF%E3%81%97%E3%81%83%E3%81%83%E3%81%83" dan="17,17,16,17" rate="2261.39,2216.38,2102.56,2146.52" sx="M,M,M,M"/><TAIKYOKU oya="0"/><INIT seed="0,0,0,4,0,67" ten="250,250,250,250" oya="0" hai0="30,122,135,109,75,53,58,25,61,18,89,10,12" hai1="46,11,59,116,54,86,32,39,94,48,88,55,50" hai2="34,33,16,56,90,70,96,66,38,7,119,124,20" hai3="113,103,51,72,65,132,91,5,84,76,117,92,35"/><T129/><D129/><U85/><E116/><V74/><F119/><W83/><G117/><T40/><D135/><U31/><E39/><V13/><F74/><W60/><G113/><T82/><D122/><U26/><REACH who="1" step="1"/><E11/><REACH who="1" ten="250,240,250,250" step="2"/><V118/><F38/><W127/><G132/><T102/><D10/><U15/><E15/><V134/><F118/><W80/><G127/><T41/><D12/><U36/><E36/><V128/><F124/><W114/><G114/><T68/><D109/><U105/><E105/><V131/><F134/><W8/><G8/><T21/><D75/><U125/><E125/><V112/><F112/><W100/><G72/><T93/><D41/><U22/><E22/><V101/><F34/><W6/><G35/><T57/><D40/><U37/><E37/><V47/><F33/><W126/><G126/><T130/><D21/><U52/><E52/><V14/><F14/><W73/><G5/><T97/><D53/><U79/><E79/><V71/><F7/><W123/><G6/><T108/><D108/><U98/><AGARI ba="0,1" hai="26,31,32,46,48,50,54,55,59,85,86,88,94,98" machi="98" ten="20,5200,0" yaku="1,1,0,1,7,1,54,1,53,0" doraHai="67" doraHaiUra="133" who="1" fromWho="1" sc="250,-26,240,62,250,-13,250,-13" /><INIT seed="1,0,0,3,1,104" ten="224,302,237,237" oya="1" hai0="53,91,71,97,65,30,51,134,63,12,19,119,11" hai1="102,92,49,10,27,129,26,2,47,113,36,110,61" hai2="105,7,131,22,89,123,107,45,1,14,21,73,40" hai3="100,114,25,124,117,79,126,31,23,42,62,5,103"/><U69/><E113/><V44/><F123/><W88/><G114/><T67/><D134/><U120/><E120/><V111/><F111/><W95/><G117/><T56/><D119/><U96/><E36/><V72/><F89/><W57/><G42/><T133/><D133/><U84/><E110/><V39/><F14/><W121/><G5/><T109/><D109/><U32/><E129/><V16/><F131/><W94/><G79/><T24/><D67/><U46/><E32/><V50/><F21/><W28/><G28/><T35/><REACH who="0" step="1"/><D91/><REACH who="0" ten="214,302,237,237" step="2"/><U33/><E69/><V115/><F115/><W81/><G121/><T48/><D48/><U0/><E49/><V20/><F50/><W93/><G124/><T41/><D41/><U135/><E135/><V80/><F40/><W34/><G126/><T130/><D130/><U127/><E127/><V29/><F39/><W78/><G88/><T118/><D118/><U66/><E66/><V106/><F29/><W85/><G34/><T83/><D83/><U59/><E33/><V64/><F80/><W132/><G132/><T15/><D15/><U98/><E2/><V108/><F64/><AGARI ba="0,1" hai="23,25,31,57,62,64,78,81,85,93,94,95,100,103" machi="64" ten="40,1300,0" yaku="8,1" doraHai="104" who="3" fromWho="2" sc="214,0,302,0,237,-13,237,23" /><INIT seed="2,0,0,1,0,133" ten="214,302,224,260" oya="2" hai0="32,57,78,10,47,25,80,31,125,19,91,132,42" hai1="62,60,87,29,8,46,124,122,109,21,44,95,66" hai2="134,20,40,11,111,92,73,23,135,83,13,35,59" hai3="6,64,53,27,41,81,30,131,101,112,128,77,1"/><V119/><F119/><W0/><G112/><T107/><D132/><N who="2" m="50730" /><F35/><W54/><G64/><T71/><D125/><U99/><E109/><V14/><F40/><W69/><G69/><T34/><D71/><U12/><E122/><V17/><F111/><W84/><G101/><T120/><D107/><U130/><E130/><N who="3" m="49706" /><G41/><T75/><D120/><U103/><E124/><V51/><F92/><W127/><G127/><T28/><D57/><U2/><E2/><N who="3" m="1130" /><G6/><T4/><D91/><U70/><E62/><V16/><F11/><W18/><G18/><T113/><D19/><U106/><E106/><V15/><F73/><W90/><G90/><T55/><D55/><U85/><E95/><V48/><F83/><W102/><G102/><T117/><D113/><U38/><E103/><V65/><F13/><W88/><G77/><T52/><D117/><U126/><E12/><V98/><F98/><W110/><G110/><T22/><D31/><U86/><E29/><V43/><F43/><W96/><G96/><T49/><REACH who="0" step="1"/><D42/><REACH who="0" ten="204,302,224,260" step="2"/><U61/><E126/><V7/><F7/><W24/><G30/><T9/><D9/><U94/><E8/><V36/><F36/><W108/><G108/><T104/><D104/><U45/><E38/><V76/><F76/><W72/><G72/><T63/><D63/><AGARI ba="0,1" hai="14,15,16,17,20,23,48,51,59,63,65" m="50730" machi="63" ten="30,2900,0" yaku="20,1,54,1" doraHai="133" who="2" fromWho="0" sc="204,-29,302,0,224,39,260,0" /><INIT seed="2,1,0,3,5,86" ten="175,302,263,260" oya="2" hai0="128,56,44,15,48,77,2,87,121,82,38,17,101" hai1="42,20,111,32,3,74,24,53,125,95,30,115,26" hai2="120,1,131,5,129,64,50,117,6,103,78,98,126" hai3="36,55,73,75,11,60,116,83,114,35,90,68,10"/><V28/><F117/><W16/><G116/><T19/><D128/><N who="2" m="49226" /><F120/><W124/><G35/><T85/><D121/><U89/><E111/><V70/><F28/><W122/><G122/><T108/><D108/><U23/><E125/><V123/><F123/><W39/><G124/><T71/><D71/><U99/><E115/><V91/><F78/><W110/><G110/><T102/><D2/><U34/><E74/><V9/><F6/><W40/><G10/><T133/><D133/><U88/><E3/><V92/><F126/><W22/><G11/><T127/><D38/><U14/><E14/><V37/><F37/><W51/><G114/><T57/><D127/><U47/><E53/><V72/><F72/><W96/><G75/><T135/><D135/><U8/><E8/><V61/><F50/><W81/><G73/><T67/><D87/><U0/><E0/><V25/><F25/><N who="3" m="14535" /><G68/><T18/><D15/><U84/><E24/><V13/><F1/><W130/><G130/><T94/><D94/><U65/><E34/><V79/><F79/><W132/><G132/><T104/><D104/><U93/><E65/><V58/><F70/><W112/><G112/><T107/><D107/><U62/><E62/><V41/><F41/><W49/><G40/><N who="0" m="24583" /><D67/><U97/><E84/><V66/><F64/><W134/><G134/><T59/><AGARI ba="1,0" hai="17,18,19,56,57,59,77,82,85,101,102" m="24583" machi="59" ten="30,1100,0" yaku="8,1" doraHai="86" who="0" fromWho="0" sc="175,14,302,-4,263,-6,260,-4" /><INIT seed="3,0,0,5,2,36" ten="189,298,257,256" oya="3" hai0="3,115,108,58,61,73,37,38,49,98,133,117,27" hai1="122,10,129,84,102,18,103,112,62,121,64,131,5" hai2="43,90,72,70,109,94,97,68,104,116,2,132,87" hai3="53,118,92,12,95,75,14,25,83,31,45,54,59"/><W76/><G118/><T124/><D98/><U41/><E18/><V67/><F109/><W6/><G45/><T80/><D80/><U120/><E112/><V119/><F2/><W134/><G134/><T47/><D27/><U60/><E84/><V57/><F132/><W30/><G30/><T33/><D49/><U39/><E39/><V46/><F72/><W16/><G6/><T56/><D61/><N who="1" m="23659" /><E64/><V8/><F57/><W107/><G107/><T21/><D47/><U79/><E79/><V99/><F8/><W40/><G12/><T69/><D21/><U78/><E78/><V13/><F13/><W85/><G75/><T32/><D58/><U125/><E41/><V130/><F130/><N who="1" m="49673" /><E125/><V135/><F135/><W114/><G40/><T26/><D56/><U0/><AGARI ba="0,0" hai="0,5,10,102,103,120,121,122" m="49673,23659" machi="0" ten="40,1500,0" yaku="19,1" doraHai="36" who="1" fromWho="1" sc="189,-4,298,15,257,-4,256,-7" /><INIT seed="4,0,0,2,2,30" ten="185,313,253,249" oya="0" hai0="55,94,25,102,111,11,45,87,27,4,128,104,130" hai1="67,117,15,103,120,70,37,131,126,101,116,84,81" hai2="134,29,59,52,63,51,71,88,90,12,40,24,54" hai3="77,61,7,100,49,123,83,14,34,0,43,6,93"/><T119/><D119/><U108/><E120/><V133/><F40/><W110/><G110/><T9/><D104/><U31/><E108/><V47/><F12/><W112/><G112/><T69/><D69/><U28/><E37/><V2/><F2/><W23/><G34/><T22/><D111/><U36/><E36/><V33/><F71/><W97/><G0/><T20/><D45/><U13/><E70/><V125/><F125/><W39/><G39/><T79/><D55/><U82/><E84/><V72/><F72/><W135/><G135/><AGARI ba="0,0" hai="24,29,33,47,51,52,54,59,63,88,90,133,134,135" machi="135" ten="40,8000,1" yaku="20,1,52,1,54,2" doraHai="30" who="2" fromWho="3" sc="185,0,313,0,253,80,249,-80" /><INIT seed="5,0,0,0,3,104" ten="185,313,333,169" oya="1" hai0="102,67,113,129,128,92,82,89,130,75,13,84,5" hai1="126,54,71,63,1,45,22,59,91,106,70,81,120" hai2="121,64,107,83,117,61,10,78,24,43,62,8,134" hai3="101,123,27,124,33,35,39,53,111,36,20,116,119"/><U51/><E120/><V57/><F117/><N who="3" m="45131" /><G123/><T122/><D67/><U68/><E106/><V97/><F121/><W40/><G111/><T14/><D122/><U88/><E1/><V103/><F134/><W73/><G124/><T94/><D5/><U26/><E81/><V131/><F131/><W65/><G65/><T118/><D118/><U50/><E126/><V93/><F43/><W3/><G3/><T46/><D46/><U18/><REACH who="1" step="1"/><E51/><REACH who="1" ten="185,303,333,169" step="2"/><V133/><F107/><W58/><G39/><T98/><D113/><U55/><AGARI ba="0,1" hai="18,22,26,45,50,54,55,59,63,68,70,71,88,91" machi="55" ten="30,11700,0" yaku="1,1,2,1,0,1,54,1,53,0" doraHai="104" doraHaiUra="100" who="1" fromWho="1" sc="185,-39,303,127,333,-39,169,-39" /><INIT seed="5,1,0,3,0,122" ten="146,430,294,130" oya="1" hai0="106,65,121,70,38,99,28,71,77,101,129,62,48" hai1="49,79,93,110,127,108,91,0,60,17,52,86,3" hai2="27,15,131,18,5,33,109,57,53,89,8,66,30" hai3="115,29,100,1,11,24,116,102,16,54,132,75,118"/><U43/><E127/><V117/><F117/><N who="3" m="45163" /><G75/><T67/><D129/><U6/><E79/><V135/><F109/><N who="1" m="42089" /><E6/><V42/><F131/><W55/><G115/><T74/><D38/><U40/><E60/><V76/><F76/><W36/><G36/><T50/><D121/><U58/><E17/><V72/><F72/><W84/><G132/><T26/><D67/><U82/><E82/><V68/><F135/><W7/><G84/><T85/><D85/><U56/><E56/><V9/><F68/><W113/><G113/><T37/><D37/><U134/><E134/><V125/><F125/><W22/><G29/><T107/><D71/><U73/><E73/><V14/><F66/><W130/><G130/><T10/><D50/><U45/><E58/><V111/><F111/><W124/><G124/><T35/><D48/><U97/><E86/><V32/><F42/><AGARI ba="1,0" hai="0,3,40,42,43,45,49,52,91,93,97" m="42089" machi="42" ten="30,12000,1" yaku="10,1,52,3,54,1" doraHai="122" who="1" fromWho="2" sc="146,0,430,123,294,-123,130,0" /><INIT seed="5,2,0,0,2,122" ten="146,553,171,130" oya="1" hai0="21,49,29,72,17,58,59,68,35,57,116,26,101" hai1="70,121,91,22,128,11,84,124,36,4,120,119,42" hai2="95,110,108,20,60,123,117,98,27,80,97,74,126" hai3="87,30,69,86,75,81,32,33,43,88,23,48,7"/><U90/><E119/><V44/><F117/><W64/><G75/><T100/><D116/><U106/><E106/><V79/><F123/><W107/><G107/><T104/><D68/><U127/><E70/><V8/><F98/><W6/><G33/><T34/><D72/><U111/><E22/><V41/><F60/><W131/><G32/><T132/><D132/><U28/><E28/><V37/><F126/><W3/><G3/><T63/><D35/><U109/><E84/><V82/><F82/><N who="3" m="49239" /><G64/><T16/><D104/><U46/><E128/><V130/><F8/><W113/><G69/><T19/><D63/><U55/><E55/><V38/><F37/><W0/><G0/><T112/><D112/><U129/><E129/><V115/><F115/><W94/><G94/><T73/><D73/><U125/><E121/><V54/><F54/><W65/><G65/><T134/><D134/><U50/><E120/><V56/><F56/><W92/><G92/><T78/><D78/><U5/><E36/><V105/><F105/><W18/><G30/><T31/><REACH who="0" step="1"/><D49/><REACH who="0" ten="136,553,171,130" step="2"/><U13/><E4/><V99/><F130/><W114/><G131/><T39/><D39/><U40/><E42/><V10/><F99/><W66/><G114/><T85/><D85/><U89/><AGARI ba="2,1" hai="5,11,13,40,46,50,89,90,91,109,111,124,125,127" machi="89" ten="40,12000,1" yaku="0,1,18,1,52,2" doraHai="122" who="1" fromWho="1" sc="136,-42,553,136,171,-42,130,-42" /><INIT seed="5,3,0,1,2,73" ten="94,689,129,88" oya="1" hai0="103,52,31,77,15,91,5,85,89,99,97,84,113" hai1="65,36,59,17,106,41,92,19,35,126,55,131,125" hai2="37,16,54,67,39,53,129,18,1,10,12,127,79" hai3="132,117,110,135,108,22,83,112,28,66,34,51,82"/><U70/><E106/><V60/><F129/><W101/><G34/><T104/><D113/><U61/><E35/><V6/><F127/><N who="1" m="48649" /><E92/><V38/><F79/><W4/><G112/><T2/><D2/><U128/><E19/><V26/><F26/><N who="3" m="16471" /><G66/><T76/><D52/><U78/><E17/><V95/><F95/><W87/><G51/><T33/><D15/><U130/><E78/><N who="0" m="30313" /><D5/><U109/><E109/><V123/><F18/><W45/><G45/><T119/><D33/><U121/><E121/><V56/><REACH who="2" step="1"/><F123/><REACH who="2" ten="94,689,119,88" step="2"/><W20/><G110/><T114/><D31/><U24/><E24/><V75/><F75/><W25/><G108/><T43/><D114/><U32/><E32/><V11/><AGARI ba="3,1" hai="1,6,10,11,12,16,37,38,39,53,54,56,60,67" machi="11" ten="40,8000,1" yaku="1,1,0,1,54,1,53,2" doraHai="73" doraHaiUra="50" who="2" fromWho="2" sc="94,-23,689,-43,119,99,88,-23" /><INIT seed="6,0,0,5,1,24" ten="71,646,218,65" oya="2" hai0="20,101,7,75,2,3,25,115,125,16,55,133,116" hai1="100,124,102,98,38,19,111,117,114,57,129,65,49" hai2="134,9,32,95,84,17,56,70,69,97,60,122,10" hai3="40,5,119,92,58,22,106,87,35,79,90,37,94"/><V74/><F122/><W127/><G35/><T47/><D115/><U8/><E111/><V112/><F74/><W71/><G119/><T88/><D133/><U68/><E68/><V107/><F112/><W135/><G71/><T53/><D125/><U62/><E38/><V113/><F113/><W77/><G106/><T99/><D75/><U86/><E114/><V4/><F32/><W123/><G123/><T121/><D121/><U109/><E109/><V1/><F107/><W81/><G127/><T91/><D116/><U45/><E117/><V34/><F34/><W103/><G135/><T51/><D55/><U67/><E129/><V52/><F134/><W54/><G5/><T104/><REACH who="0" step="1"/><D7/><REACH who="0" ten="61,646,218,65" step="2"/><U72/><E72/><V21/><F52/><W108/><G108/><T31/><D31/><U42/><E124/><V18/><F4/><W44/><G22/><T48/><D48/><U41/><E41/><V105/><F21/><W33/><G33/><T118/><D118/><U93/><E67/><V73/><F73/><W0/><G0/><AGARI ba="0,1" hai="0,2,3,16,20,25,47,51,53,88,91,99,101,104" machi="0" ten="40,5200,0" yaku="1,1,54,2,53,0" doraHai="24" doraHaiUra="64" who="0" fromWho="3" sc="61,62,646,0,218,0,65,-52" /><INIT seed="7,0,0,2,5,75" ten="123,646,218,13" oya="3" hai0="128,126,72,111,19,25,44,67,109,4,81,83,84" hai1="99,123,106,12,119,100,97,86,15,27,135,90,10" hai2="14,29,8,64,35,55,46,112,108,116,65,28,36" hai3="9,2,11,113,45,51,1,7,127,33,20,85,57"/><W31/><G113/><T124/><D4/><U43/><E123/><V77/><F112/><W21/><G127/><N who="0" m="48683" /><D128/><U60/><E135/><V117/><F108/><W47/><G33/><T114/><D114/><U94/><E119/><V48/><F35/><W130/><G130/><T89/><D67/><N who="2" m="25674" /><F36/><W88/><G57/><T129/><D129/><U69/><E60/><V16/><F117/><W13/><G31/><N who="2" m="11849" /><F116/><W105/><G105/><T118/><D118/><U132/><E15/><V41/><F77/><W73/><G73/><T102/><D102/><U74/><E86/><V76/><F76/><W56/><G56/><T49/><D83/><U6/><E94/><V3/><F3/><W17/><G2/><T93/><D93/><U40/><E10/><V53/><AGARI ba="0,0" hai="8,14,16,41,46,48,53,55" m="11849,25674" machi="53" ten="30,2000,0" yaku="8,1,54,1" doraHai="75" who="2" fromWho="2" sc="123,-5,646,-5,218,20,13,-10" owari="118,-28.2,641,74.1,238,3.8,3,-49.7" /></mjloggm>