<mjloggm ver="2.3"><GO type="169" lobby="0"/><UN n0="%44%42%4A" n1="%41%4C%50%45%52%49%4E" n2="%52%65%63%61%6C%74%71" n3="%6D%61%6A%75%6E%69%61" dan="16,16,16,16" rate="2168.00,2096.28,2099.49,2109.12" sx="M,M,M,M"/><TAIKYOKU oya="0"/><INIT seed="0,0,0,5,4,77" ten="250,250,250,250" oya="0" hai0="48,52,106,102,81,50,122,28,26,110,1,37,72" hai1="92,124,135,51,111,66,117,2,10,44,91,18,42" hai2="121,20,94,4,54,23,25,40,128,112,7,13,30" hai3="97,95,35,120,98,57,59,75,76,103,62,69,29"/><T101/><D122/><U126/><E117/><V119/><F121/><W24/><BYE who="1" /><G120/><T47/><D37/><U19/><E19/><UN n1="%41%4C%50%45%52%49%4E" /><V114/><F119/><W74/><G76/><T127/><D1/><U131/><E111/><V22/><F40/><W115/><G115/><T71/><D71/><U83/><E131/><V32/><F54/><W118/><G118/><T90/><D127/><N who="1" m="48683" /><E135/><V16/><F94/><W43/><G43/><T100/><D110/><U65/><E83/><V3/><F128/><W0/><G0/><T41/><D106/><U89/><E89/><V53/><F53/><W108/><G108/><T82/><D90/><U68/><E68/><V55/><F55/><W49/><G49/><T58/><REACH who="0" step="1"/><D72/><REACH who="0" ten="240,250,250,250" step="2"/><U31/><E2/><V96/><F3/><W99/><G75/><T130/><D130/><U88/><E91/><V104/><F104/><W21/><G74/><T129/><D129/><U109/><E109/><V87/><F87/><W107/><G99/><T134/><D134/><U123/><E123/><V45/><F96/><W33/><G98/><T56/><D56/><U12/><E31/><V85/><F85/><AGARI ba="0,1" hai="10,12,18,42,44,51,65,66,85,88,92" m="48683" machi="85" ten="30,2000,0" yaku="18,1,54,1" doraHai="77" who="1" fromWho="2" sc="240,0,250,30,250,-20,250,0" /><INIT seed="1,0,0,5,4,44" ten="240,280,230,250" oya="1" hai0="1,98,130,92,113,72,13,96,95,57,67,58,51" hai1="111,126,2,31,54,106,74,85,14,78,34,117,25" hai2="80,22,123,47,21,120,10,24,9,101,33,70,116" hai3="39,134,76,16,6,89,131,69,61,109,43,19,110"/><U118/><E106/><V71/><F101/><W56/><G131/><T7/><D1/><U28/><E2/><V122/><F47/><N who="3" m="24063" /><G69/><T11/><D72/><U115/><E115/><V77/><F116/><W30/><G30/><T84/><D130/><U66/><E66/><V99/><F99/><W105/><G105/><T36/><D36/><U60/><BYE who="3" /><E74/><V59/><F59/><W125/><G125/><T17/><D84/><UN n3="%6D%61%6A%75%6E%69%61" /><U42/><E42/><V46/><F46/><W88/><G76/><T48/><D7/><U97/><E97/><V108/><F108/><N who="3" m="41579" /><G6/><T4/><D4/><U29/><E111/><V37/><F37/><W63/><G134/><T8/><D113/><U35/><E126/><V49/><F49/><N who="0" m="19018" /><D11/><U5/><E35/><V94/><F10/><W79/><G79/><T55/><D67/><U65/><E65/><V15/><F71/><W62/><G56/><T20/><D8/><U40/><E34/><V23/><F70/><W75/><G75/><T0/><D0/><U87/><E5/><V68/><F68/><W83/><G83/><T114/><D114/><U107/><E118/><V90/><F33/><W86/><G86/><T102/><D55/><U38/><E54/><V3/><F3/><W100/><G100/><AGARI ba="0,0" hai="13,17,20,57,58,92,95,96,98,100,102" m="19018" machi="100" ten="30,7700,0" yaku="8,1,52,3" doraHai="44" who="0" fromWho="3" sc="240,77,280,0,230,0,250,-77" /><INIT seed="2,0,0,0,5,101" ten="317,280,230,173" oya="2" hai0="129,86,82,94,61,1,123,75,54,12,37,3,22" hai1="79,92,76,111,88,13,14,24,19,72,0,64,90" hai2="27,52,25,71,83,10,2,91,30,6,50,44,18" hai3="131,69,39,105,107,45,70,21,89,68,95,33,20"/><V43/><F71/><W81/><G131/><T47/><D123/><U34/><E0/><V66/><F66/><W102/><G33/><T65/><D129/><U98/><E111/><V109/><F109/><W125/><G125/><T62/><D75/><U85/><E72/><V127/><F127/><W56/><G56/><T11/><D22/><U36/><E36/><V8/><F30/><W38/><G102/><T60/><D94/><U121/><E121/><V117/><F117/><W15/><G81/><T16/><D65/><U97/><E64/><V31/><F31/><W122/><G122/><T5/><D5/><U48/><E48/><V26/><F43/><W63/><G63/><T74/><D74/><U87/><E34/><V132/><F132/><W114/><G114/><T104/><D104/><U58/><E58/><V93/><F83/><W55/><G55/><T110/><D110/><U119/><E119/><V57/><F44/><W41/><G39/><T118/><D118/><U29/><E29/><V78/><F78/><N who="1" m="29737" /><E24/><V23/><REACH who="2" step="1"/><F10/><REACH who="2" ten="317,280,220,173" step="2"/><W4/><G69/><T99/><D37/><U96/><E19/><V46/><F46/><W130/><G68/><T126/><D126/><U77/><E77/><V115/><F115/><W116/><G70/><T120/><D120/><U17/><E17/><V73/><F73/><W100/><G38/><T67/><D67/><U42/><E42/><V124/><F124/><W32/><G41/><T51/><REACH who="0" step="1"/><D99/><AGARI ba="0,1" hai="2,6,8,18,23,25,26,27,50,52,57,91,93,99" machi="99" ten="30,5800,0" yaku="1,1,7,1,54,1,53,0" doraHai="101" doraHaiUra="106" who="2" fromWho="0" sc="317,-58,280,0,220,68,173,0" /><INIT seed="2,1,0,3,2,95" ten="259,280,288,173" oya="2" hai0="60,33,125,22,39,31,103,7,38,83,47,117,72" hai1="100,71,78,64,115,88,131,42,40,80,26,126,128" hai2="111,48,81,65,135,49,94,44,76,25,67,0,51" hai3="91,114,45,97,5,57,35,13,92,17,104,23,9"/><V55/><F135/><W54/><G114/><T14/><D125/><U20/><E115/><V127/><F0/><W69/><G69/><T99/><D117/><U53/><E126/><V58/><F127/><W70/><G70/><T68/><D22/><U4/><E4/><V52/><F111/><W46/><G104/><N who="0" m="63615" /><D14/><U10/><E10/><V124/><F124/><W50/><REACH who="3" step="1"/><G35/><REACH who="3" ten="259,280,288,163" step="2"/><T74/><D7/><U107/><E131/><V11/><F11/><W106/><G106/><T102/><D68/><U61/><E128/><V1/><F1/><AGARI ba="1,1" hai="1,5,9,13,17,23,45,46,50,54,57,91,92,97" machi="1" ten="30,3900,0" yaku="1,1,7,1,52,1,53,0" doraHai="95" doraHaiUra="110" who="3" fromWho="2" sc="259,0,280,0,288,-42,163,52" /><INIT seed="3,0,0,4,0,84" ten="259,280,246,215" oya="3" hai0="58,80,110,102,106,79,101,38,48,46,25,11,19" hai1="56,54,33,34,104,91,2,85,105,111,116,63,3" hai2="14,32,20,42,7,31,115,114,112,68,69,73,27" hai3="74,94,18,16,77,29,82,78,122,50,76,125,4"/><W86/><G122/><T52/><D110/><U41/><E111/><V119/><F42/><W128/><G125/><T120/><D120/><U45/><E116/><V35/><F73/><W118/><G128/><T47/><D106/><U123/><E123/><V10/><F69/><W15/><G118/><T40/><D58/><U98/><E34/><V133/><F68/><W36/><G36/><T37/><D37/><U66/><E33/><V17/><F119/><W131/><G131/><T39/><D39/><U1/><E66/><V67/><F67/><W23/><G29/><T9/><D9/><U117/><E98/><V28/><F133/><W89/><G4/><T5/><D19/><U43/><E117/><V124/><F124/><W22/><REACH who="3" step="1"/><G50/><REACH who="3" ten="259,280,246,205" step="2"/><T64/><D25/><AGARI ba="0,1" hai="15,16,18,22,23,25,74,76,77,78,82,86,89,94" machi="25" ten="30,12000,1" yaku="1,1,2,1,7,1,52,1,54,1,53,0" doraHai="84" doraHaiUra="62" who="3" fromWho="0" sc="259,-120,280,0,246,0,205,130" /><INIT seed="3,1,0,5,3,72" ten="139,280,246,335" oya="3" hai0="22,65,97,130,42,102,60,110,69,103,75,80,109" hai1="113,21,44,124,84,135,70,87,67,108,78,64,38" hai2="133,107,7,10,9,13,134,126,17,56,120,131,132" hai3="91,31,96,118,19,2,36,88,116,54,11,77,8"/><W50/><G36/><T66/><D130/><U119/><E113/><V127/><F107/><W95/><G31/><T33/><D42/><U47/><E108/><N who="0" m="41577" /><D65/><U115/><E115/><V83/><F83/><W98/><G19/><T5/><D103/><U101/><E101/><V129/><F56/><W99/><G77/><N who="0" m="44095" /><D22/><U20/><E78/><V51/><F51/><W0/><G96/><T82/><D82/><U111/><E111/><V92/><F92/><W68/><G95/><T4/><D33/><U43/><E43/><V104/><F104/><AGARI ba="1,0" hai="4,5,60,66,69,97,102,104" m="44095,41577" machi="104" ten="30,2000,0" yaku="14,1,52,1" doraHai="72" who="0" fromWho="2" sc="139,23,280,0,246,-23,335,0" /><INIT seed="4,0,0,0,5,56" ten="162,280,223,335" oya="0" hai0="87,7,30,18,91,78,104,46,48,1,116,130,63" hai1="96,49,92,98,22,115,102,23,34,2,76,110,119" hai2="124,125,74,97,75,15,73,127,85,68,31,0,66" hai3="57,37,107,64,41,24,118,20,72,16,51,95,80"/><T35/><D116/><U43/><E34/><V120/><F120/><W135/><G118/><T67/><D104/><U39/><E2/><V19/><F97/><W10/><G107/><T111/><D111/><U25/><E110/><V59/><F68/><W131/><G37/><T12/><D130/><U38/><E119/><V81/><F0/><W117/><G117/><T126/><D126/><U89/><E115/><V58/><F31/><W40/><G72/><T5/><D78/><U55/><E76/><V36/><F36/><W129/><G80/><N who="0" m="49639" /><D30/><U71/><E71/><V6/><F6/><W17/><G95/><T113/><D35/><U79/><E79/><N who="2" m="46271" /><F66/><W26/><G135/><T62/><D67/><U69/><E69/><V60/><F60/><N who="0" m="23082" /><D1/><U65/><E65/><V101/><F101/><W77/><G64/><T61/><N who="0" m="23090" /><T53/><DORA hai="114" /><D113/><U88/><E39/><V134/><F134/><W123/><G77/><T54/><D54/><U9/><E55/><V103/><F103/><W27/><G123/><T11/><AGARI ba="0,0" hai="5,7,11,12,18,46,48,53" m="23090,49639" machi="11" ten="30,18000,2" yaku="25,1,8,1,52,4" doraHai="56,114" who="0" fromWho="0" sc="162,180,280,-60,223,-60,335,-60" /><INIT seed="4,1,0,3,0,5" ten="342,220,163,275" oya="0" hai0="16,133,80,124,64,113,65,56,71,81,50,79,111" hai1="129,97,3,108,42,69,90,114,30,73,70,39,127" hai2="26,120,63,101,62,29,34,27,33,122,23,110,44" hai3="106,112,87,72,40,83,12,103,115,135,132,32,67"/><T0/><D0/><U58/><E3/><V85/><F110/><W95/><G32/><T6/><D6/><U11/><E73/><V116/><F101/><W76/><G67/><T60/><D111/><U88/><E108/><V66/><F116/><W31/><G40/><T54/><D124/><U46/><E127/><V107/><F107/><W7/><G31/><T17/><D113/><N who="3" m="43593" /><G12/><T38/><D133/><N who="3" m="51273" /><G7/><T47/><D81/><U77/><E114/><V18/><F85/><W51/><G51/><T125/><D125/><U82/><E129/><V4/><F4/><W13/><G13/><T21/><D65/><U119/><E119/><V49/><F34/><W96/><G72/><T41/><D21/><U117/><E30/><V25/><F25/><W78/><G78/><T92/><D92/><AGARI ba="1,0" hai="76,83,87,92,95,96,103,106" m="51273,43593" machi="92" ten="30,7700,0" yaku="15,1,20,1,34,2" doraHai="5" who="3" fromWho="0" sc="342,-80,220,0,163,0,275,80" /><INIT seed="5,0,0,4,2,129" ten="262,220,163,355" oya="1" hai0="34,85,93,17,29,91,115,70,92,48,76,132,37" hai1="36,59,51,0,65,102,54,114,125,73,6,52,19" hai2="38,25,23,44,118,24,105,53,71,103,79,95,32" hai3="75,41,89,94,134,80,7,68,66,21,60,63,20"/><U58/><E73/><V113/><F118/><W11/><G41/><T28/><D37/><U4/><E36/><V57/><F113/><W40/><G40/><T74/><D70/><U116/><E116/><V123/><F71/><W78/><G63/><T109/><D109/><U2/><E114/><V99/><F123/><W5/><G5/><T35/><D115/><U42/><E125/><V56/><F38/><W61/><G61/><T45/><D74/><U14/><E102/><V127/><F127/><W72/><G72/><T106/><D106/><U121/><E121/><V64/><F79/><W10/><G10/><T15/><D76/><U96/><E96/><V12/><F105/><W100/><G100/><T46/><D85/><U18/><E42/><V30/><F12/><W84/><REACH who="3" step="1"/><G134/><REACH who="3" ten="262,220,163,345" step="2"/><T3/><D48/><U135/><E135/><V110/><F110/><W50/><G50/><T101/><D132/><U55/><E51/><V33/><F44/><W119/><G119/><T112/><D101/><U62/><E59/><V39/><F39/><W107/><G107/><T13/><D112/><U9/><REACH who="1" step="1"/><E6/><REACH who="1" ten="262,210,163,345" step="2"/><V8/><F56/><W120/><G120/><T83/><D46/><U16/><AGARI ba="0,2" hai="0,2,4,9,14,16,18,19,52,54,55,58,62,65" machi="16" ten="30,12000,1" yaku="1,1,2,1,0,1,54,2,53,0" doraHai="129" doraHaiUra="133" who="1" fromWho="1" sc="262,-40,210,140,163,-40,345,-40" /><INIT seed="5,1,0,1,0,65" ten="222,350,123,305" oya="1" hai0="115,25,74,51,92,50,108,44,21,123,3,102,45" hai1="53,97,122,118,4,83,110,105,73,87,121,111,19" hai2="124,71,33,17,57,42,119,126,56,130,52,125,95" hai3="6,131,72,90,101,46,106,128,10,66,48,18,134"/><U82/><E4/><V29/><F119/><W27/><G72/><T26/><D115/><U68/><E19/><V78/><F130/><N who="3" m="49707" /><G66/><T13/><D108/><N who="1" m="41515" /><E53/><V86/><F42/><N who="3" m="24663" /><G90/><T47/><D74/><U100/><E68/><V93/><F17/><W49/><G49/><N who="0" m="18443" /><D3/><U1/><E1/><V112/><F112/><W16/><G27/><N who="0" m="10251" /><D123/><N who="1" m="47115" /><E118/><V107/><F107/><W32/><G134/><T22/><D13/><U84/><E73/><V14/><F14/><N who="3" m="5463" /><G32/><T89/><D102/><U11/><E11/><V76/><F71/><W120/><G120/><T35/><D35/><U75/><E75/><V58/><F52/><W40/><G40/><T36/><D36/><U5/><E5/><V116/><F116/><W103/><G106/><T55/><D55/><U43/><E43/><V117/><F117/><W113/><G113/><T94/><D89/><U28/><E28/><V64/><F64/><W31/><G31/><T0/><D0/><U34/><E34/><V23/><F33/><W85/><G85/><AGARI ba="1,0" hai="82,83,84,85,87,97,100,105" m="47115,41515" machi="85" ten="30,5800,0" yaku="10,1,34,2" doraHai="65" who="1" fromWho="3" sc="222,0,350,61,123,0,305,-61" /><INIT seed="5,2,0,4,2,102" ten="222,411,123,244" oya="1" hai0="83,128,73,86,35,93,114,22,74,112,113,53,95" hai1="25,87,72,122,92,24,37,100,84,118,106,119,57" hai2="131,65,6,64,27,48,79,105,61,8,69,91,20" hai3="11,10,71,121,81,120,135,50,19,123,46,31,52"/><U44/><E122/><V58/><F131/><W28/><G71/><T43/><D35/><U125/><E72/><N who="0" m="27753" /><D43/><U42/><E125/><V66/><F79/><W47/><G135/><T80/><D53/><U108/><E108/><V1/><F105/><W51/><G81/><N who="0" m="31307" /><D22/><U111/><E111/><V76/><F76/><W63/><G63/><T109/><D109/><U12/><E57/><V60/><F91/><W103/><G103/><T16/><D16/><U0/><E0/><V17/><REACH who="2" step="1"/><F48/><REACH who="2" ten="222,411,113,244" step="2"/><W59/><G50/><T90/><D128/><U101/><E106/><V97/><F97/><W126/><G126/><T41/><D41/><U116/><E42/><V67/><AGARI ba="2,1" hai="1,6,8,17,20,27,58,60,61,64,65,66,67,69" machi="67" ten="20,2700,0" yaku="1,1,0,1,7,1,53,0" doraHai="102" doraHaiUra="40" who="2" fromWho="2" sc="222,-9,411,-15,113,43,244,-9" /><INIT seed="6,0,0,2,4,24" ten="213,396,156,235" oya="2" hai0="38,43,96,99,29,132,55,76,2,123,68,5,44" hai1="32,52,129,88,100,77,59,41,83,121,48,135,79" hai2="105,46,60,87,127,9,110,16,97,73,111,1,116" hai3="26,10,134,25,45,13,92,89,104,94,53,31,120"/><V21/><F116/><W119/><G120/><T90/><D132/><U107/><E32/><V128/><F73/><W8/><G119/><T91/><D68/><U108/><E108/><N who="2" m="41515" /><F128/><W28/><G104/><T58/><D76/><U65/><E129/><V54/><F127/><W84/><G134/><T112/><D112/><U4/><E135/><V118/><F118/><W126/><G126/><T12/><D2/><U23/><E121/><V62/><F87/><W115/><G115/><T66/><D66/><U50/><E65/><V17/><F9/><N who="3" m="3691" /><G94/><T71/><D12/><U106/><E4/><V82/><F82/><W51/><G13/><T39/><D5/><U64/><E64/><V37/><F1/><W36/><G36/><T102/><D71/><U3/><E3/><V95/><F105/><W109/><G109/><T11/><D11/><U33/><E107/><V86/><F86/><W63/><G63/><N who="2" m="24105" /><F21/><W40/><G40/><T19/><D99/><U20/><E23/><V57/><F46/><W101/><G101/><T117/><D39/><U56/><E20/><V22/><F22/><W30/><AGARI ba="0,0" hai="25,26,28,30,31,45,51,53,84,89,92" m="3691" machi="30" ten="30,7900,0" yaku="8,1,52,3" doraHai="24" who="3" fromWho="3" sc="213,-20,396,-20,156,-39,235,79" /><INIT seed="7,0,0,5,1,130" ten="193,376,117,314" oya="3" hai0="132,37,106,39,36,17,55,7,28,5,35,4,97" hai1="31,114,18,65,77,23,103,83,75,45,42,41,33" hai2="38,13,68,119,43,129,104,113,60,118,10,107,25" hai3="87,32,84,14,80,88,82,1,112,102,71,34,131"/><W98/><G131/><T56/><D35/><U100/><E114/><V93/><F129/><W9/><G71/><T57/><D28/><U70/><E33/><V53/><F113/><W111/><G1/><T19/><D106/><U117/><E31/><V40/><F25/><W67/><G67/><T72/><D97/><U110/><E110/><V124/><F93/><W26/><G111/><T115/><D55/><U92/><E117/><V99/><F124/><W24/><G112/><T74/><D132/><U81/><E81/><V50/><F104/><W105/><G34/><T134/><D134/><U109/><E109/><V2/><F2/><W52/><G52/><T126/><D126/><U47/><E65/><V69/><F107/><W59/><G59/><N who="0" m="22603" /><D115/><U91/><E70/><V76/><F76/><W133/><G32/><T101/><D101/><U123/><E123/><V125/><F99/><W89/><REACH who="3" step="1"/><G133/><REACH who="3" ten="193,376,117,304" step="2"/><T12/><D12/><U22/><E45/><V16/><F125/><W62/><G62/><T121/><D121/><U120/><E42/><V116/><F60/><W15/><G15/><T108/><D108/><U29/><E120/><V127/><F127/><W96/><G96/><T58/><D58/><U11/><E47/><V3/><F3/><W21/><G21/><T66/><D66/><U64/><E64/><V73/><F69/><W6/><AGARI ba="0,1" hai="6,9,14,24,26,80,82,84,87,88,89,98,102,105" machi="6" ten="20,12000,1" yaku="1,1,0,1,7,1,9,1,54,1,53,0" doraHai="130" doraHaiUra="128" who="3" fromWho="3" sc="193,-40,376,-40,117,-40,304,130" owari="153,-24.7,336,13.6,77,-42.3,434,53.4" /></mjloggm>