<mjloggm ver="2.3"><GO type="169" lobby="0"/><UN n0="%E9%AB%98%E6%A9%8B%E8%89%AF%E5%A4%AA" n1="%E7%89%8C%E6%B5%81%E7%8A%B6%E6%85%8B%E9%BA%BB%E9%9B%80" n2="%52%65%63%61%6C%74%71" n3="%4E%65%6D%6F" dan="16,17,16,16" rate="2116.54,2232.53,2100.07,2148.83" sx="M,M,M,M"/><TAIKYOKU oya="0"/><INIT seed="0,0,0,3,2,9" ten="250,250,250,250" oya="0" hai0="44,130,62,83,28,102,11,88,84,86,24,33,10" hai1="92,76,70,6,125,17,133,114,39,57,127,72,63" hai2="123,81,51,43,79,41,104,55,73,131,121,74,66" hai3="126,19,14,23,77,95,67,129,75,7,82,100,93"/><T34/><D130/><U65/><E39/><V15/><F104/><W90/><G129/><T37/><D33/><U26/><E133/><V108/><F74/><W36/><G126/><T13/><D102/><U38/><E38/><V78/><F78/><W5/><G36/><T40/><D62/><U0/><E114/><V58/><F131/><W30/><G67/><T110/><D110/><U96/><E6/><V3/><F3/><W119/><G119/><T109/><D109/><U48/><E0/><V124/><F124/><W68/><G68/><T71/><D71/><U22/><E76/><V103/><F103/><W46/><G46/><T116/><D116/><U87/><E87/><V85/><F73/><W31/><G100/><T56/><D56/><U111/><E72/><V80/><F80/><W64/><G64/><T113/><D113/><U122/><E122/><V60/><F108/><W97/><REACH who="3" step="1"/><G95/><REACH who="3" ten="250,250,250,240" step="2"/><T98/><D98/><U4/><E92/><V16/><F123/><W59/><G59/><T99/><D99/><U45/><E96/><V18/><F121/><W117/><G117/><T134/><D134/><U42/><E111/><V52/><F66/><W49/><G49/><T53/><D53/><U8/><E70/><V91/><F55/><W54/><G54/><T128/><D128/><U94/><E94/><V50/><F50/><W47/><G47/><T2/><D2/><N who="1" m="23" /><E127/><V1/><F1/><W12/><G12/><T105/><D105/><U115/><E125/><V61/><F15/><W112/><G112/><T106/><D106/><U118/><E115/><V107/><F107/><RYUUKYOKU ba="0,1" sc="250,-15,250,15,250,-15,240,15" hai1="17,22,26,42,45,48,57,63,65,118" hai3="5,7,14,19,23,30,31,75,77,82,90,93,97" /><INIT seed="1,1,1,5,4,10" ten="235,265,235,255" oya="1" hai0="74,35,101,22,120,133,132,123,119,61,42,126,86" hai1="97,57,14,38,79,99,108,30,47,54,83,78,121" hai2="25,66,131,18,20,77,71,9,43,107,134,111,129" hai3="51,102,19,110,36,103,46,106,59,33,118,11,40"/><U76/><E121/><N who="0" m="46665" /><D35/><U31/><E83/><V26/><F107/><W70/><G110/><T93/><D119/><U90/><E108/><V88/><F111/><W5/><G118/><T92/><D42/><U87/><E38/><V73/><F134/><N who="0" m="51818" /><D61/><U16/><E47/><V0/><F43/><W27/><G70/><T2/><D2/><U8/><E87/><V68/><F88/><W55/><G106/><T34/><D34/><U45/><E45/><V49/><F49/><W37/><G37/><T109/><D109/><U3/><E3/><V96/><F96/><N who="1" m="36937" /><E90/><V89/><F89/><W122/><G122/><T50/><D50/><AGARI ba="1,1" hai="8,14,16,30,31,50,54,57,76,78,79" m="36937" machi="50" ten="30,5800,0" yaku="8,1,52,1,54,1" doraHai="10" who="1" fromWho="0" sc="235,-61,265,71,235,0,255,0" /><INIT seed="1,2,0,0,2,120" ten="174,336,235,255" oya="1" hai0="111,89,76,32,119,68,108,124,4,45,115,125,37" hai1="102,101,20,74,14,122,98,112,87,1,73,25,62" hai2="17,48,29,15,70,66,107,7,84,114,131,3,46" hai3="90,13,93,77,110,72,127,6,47,86,40,104,132"/><U24/><E1/><V85/><F114/><W23/><G127/><N who="0" m="48715" /><D115/><U97/><E122/><V106/><F131/><W57/><G132/><T82/><D119/><U96/><E112/><V95/><F29/><W55/><G104/><T78/><D68/><U39/><E39/><V94/><F7/><W2/><G2/><T117/><D117/><U75/><E87/><V91/><F3/><W100/><G100/><T135/><D135/><U61/><E14/><V116/><F116/><W38/><G72/><T21/><D32/><U26/><REACH who="1" step="1"/><E20/><REACH who="1" ten="174,326,235,255" step="2"/><V65/><F84/><W35/><G23/><T128/><D128/><U121/><E121/><V63/><F66/><W53/><G13/><T41/><D4/><U129/><E129/><V58/><F15/><W54/><G6/><T69/><D21/><U51/><E51/><V52/><F17/><W5/><G5/><T67/><D76/><U44/><E44/><V81/><F107/><W30/><G77/><T31/><D31/><U50/><E50/><V28/><F106/><W59/><G30/><T22/><D22/><U83/><E83/><V113/><F28/><W92/><G35/><T79/><D78/><U134/><E134/><V126/><F126/><W0/><G0/><T12/><D12/><U10/><E10/><V56/><F113/><W123/><G123/><T18/><D18/><U43/><E43/><V34/><F34/><W60/><G40/><T11/><D11/><U105/><E105/><V130/><F130/><W88/><G38/><T71/><D79/><U109/><E109/><N who="0" m="42057" /><D67/><U99/><N who="1" m="24576" /><DORA hai="8" /><U64/><E64/><RYUUKYOKU ba="2,1" sc="174,10,326,10,235,10,255,-30" hai0="37,41,45,69,71,82,89" hai1="24,25,26,61,62,73,74,75,101,102" hai2="46,48,52,56,58,63,65,70,81,85,91,94,95" /><INIT seed="1,3,1,2,5,10" ten="184,336,245,225" oya="1" hai0="105,43,52,6,87,41,79,91,116,35,109,47,70" hai1="117,44,36,24,37,135,98,12,30,83,88,58,94" hai2="20,133,4,29,113,31,7,13,78,122,48,96,92" hai3="102,81,129,100,28,76,114,93,51,69,55,49,84"/><U66/><E117/><V68/><F68/><W134/><G114/><T71/><D116/><U15/><E135/><V54/><F113/><W38/><G38/><T17/><D105/><U53/><E66/><V46/><F122/><W56/><G69/><T67/><D70/><U26/><E36/><V103/><F78/><W62/><G134/><T121/><D35/><U59/><E83/><V124/><F124/><W61/><G129/><T80/><D109/><U64/><E37/><V0/><F0/><W2/><G2/><T14/><D6/><N who="2" m="2090" /><F133/><W22/><G51/><N who="0" m="28799" /><D121/><U112/><E112/><V60/><F60/><N who="3" m="23147" /><G93/><T57/><D71/><U115/><E115/><V32/><F32/><W110/><G110/><T106/><D106/><U75/><E75/><V23/><F23/><W33/><G33/><T8/><D79/><U132/><E132/><V27/><F13/><N who="1" m="5193" /><E64/><V25/><F25/><AGARI ba="3,1" hai="22,25,28,49,55,56,76,81,84,100,102" m="23147" machi="25" ten="30,1000,0" yaku="8,1" doraHai="10" who="3" fromWho="2" sc="184,0,336,0,245,-19,225,29" /><INIT seed="2,0,0,0,0,54" ten="184,336,226,254" oya="2" hai0="85,89,82,12,50,4,98,118,39,31,90,103,93" hai1="77,17,115,72,129,45,44,11,62,108,74,61,119" hai2="57,114,96,135,99,7,35,110,101,2,120,80,117" hai3="127,32,132,128,105,126,81,69,59,106,71,134,66"/><V87/><F120/><W60/><G32/><T97/><D118/><U91/><E115/><V42/><F135/><N who="3" m="51755" /><G81/><T27/><D39/><U131/><E108/><V10/><F117/><W68/><G128/><N who="1" m="49226" /><E91/><V51/><F114/><W75/><G75/><N who="1" m="28714" /><E77/><V30/><F110/><W22/><G22/><T49/><D4/><U33/><E33/><V1/><F1/><W3/><G3/><T24/><D12/><N who="1" m="7327" /><E119/><V63/><F30/><W122/><G122/><T40/><D40/><U19/><E19/><V16/><F35/><W76/><G76/><T48/><REACH who="0" step="1"/><D31/><REACH who="0" ten="174,336,226,254" step="2"/><U37/><E37/><V41/><F41/><W26/><G26/><T52/><D52/><U13/><E13/><V14/><F42/><W20/><G20/><T133/><D133/><U123/><E123/><V23/><F51/><W28/><G28/><T100/><D100/><U73/><E73/><V64/><REACH who="2" step="1"/><F101/><REACH who="2" ten="174,336,216,254" step="2"/><W9/><G127/><T94/><AGARI ba="0,2" hai="24,27,48,49,50,82,85,89,90,93,94,97,98,103" machi="94" ten="30,4000,0" yaku="1,1,0,1,8,1,53,0" doraHai="54" doraHaiUra="104" who="0" fromWho="0" sc="174,60,336,-10,216,-20,254,-10" /><INIT seed="3,0,0,3,0,92" ten="234,326,196,244" oya="3" hai0="50,39,11,33,68,100,41,40,84,99,110,121,3" hai1="115,78,113,82,2,71,111,52,23,90,130,70,74" hai2="9,131,30,123,61,64,124,26,58,86,73,88,10" hai3="47,1,77,36,119,22,105,83,94,101,56,93,19"/><W109/><G119/><T6/><D121/><U103/><E2/><V87/><F131/><W135/><G1/><T45/><D68/><U63/><E130/><V104/><F124/><W48/><G135/><T66/><D33/><U69/><E111/><V114/><F123/><W31/><G31/><T21/><D66/><U37/><E37/><V67/><F73/><W17/><G109/><T102/><D110/><U128/><E128/><V80/><F114/><W112/><G112/><T35/><D35/><U49/><E63/><V55/><F104/><W20/><G56/><T38/><D100/><U75/><E75/><V43/><F43/><W132/><G36/><T29/><D41/><U18/><E90/><V116/><F116/><W134/><G105/><T125/><D125/><U42/><E103/><V0/><F86/><N who="3" m="48495" /><G134/><T95/><REACH who="0" step="1"/><D84/><REACH who="0" ten="224,326,196,244" step="2"/><U59/><REACH who="1" step="1"/><E42/><REACH who="1" ten="224,316,196,244" step="2"/><V76/><F76/><W60/><G101/><T12/><D12/><AGARI ba="0,2" hai="12,18,23,49,52,59,69,70,71,74,78,82,113,115" machi="12" ten="40,8000,1" yaku="1,1,2,1,54,1,53,1" doraHai="92" doraHaiUra="53" who="1" fromWho="0" sc="224,-80,316,100,196,0,244,0" /><INIT seed="4,0,0,5,5,28" ten="144,416,196,244" oya="0" hai0="31,41,25,76,30,127,53,69,108,88,63,68,13" hai1="42,107,34,58,66,21,11,115,51,33,20,85,86" hai2="112,45,14,46,6,48,79,26,7,93,120,97,17" hai3="105,75,135,106,50,54,104,114,126,60,61,36,49"/><T94/><D127/><U124/><E107/><V71/><F120/><W82/><G36/><T23/><D108/><U38/><E38/><V116/><F71/><W19/><G126/><T84/><D68/><U99/><E99/><V118/><F79/><W67/><G114/><T39/><D76/><U55/><E42/><V56/><F112/><W103/><G103/><T12/><D30/><U102/><E102/><V131/><F131/><W109/><G109/><T73/><D73/><U8/><E66/><V121/><F121/><W44/><G135/><T98/><D98/><U77/><E115/><V89/><F26/><W125/><G125/><T59/><REACH who="0" step="1"/><D69/><REACH who="0" ten="134,416,196,244" step="2"/><U47/><E77/><V92/><F118/><W113/><G75/><T15/><D15/><U43/><E124/><V74/><F74/><W123/><G113/><T96/><D96/><U101/><E86/><V133/><F116/><W32/><G123/><T37/><D37/><U64/><E85/><V72/><F72/><W62/><G105/><T87/><D87/><U52/><E101/><V40/><F133/><W1/><G106/><T110/><D110/><U27/><E27/><V129/><F129/><W24/><G104/><T78/><D78/><U111/><E111/><V2/><F2/><W134/><G1/><T81/><D81/><U100/><E100/><V91/><F97/><W83/><G134/><T35/><D35/><U29/><E33/><V80/><F80/><W132/><G132/><T119/><D119/><U18/><E34/><V130/><F130/><W3/><G32/><T4/><D4/><U9/><E29/><RYUUKYOKU ba="0,1" sc="134,30,416,-10,196,-10,244,-10" hai0="12,13,23,25,31,39,41,53,59,63,84,88,94" /><INIT seed="4,1,1,0,5,119" ten="164,406,186,234" oya="0" hai0="107,11,39,0,20,67,47,114,61,32,131,9,63" hai1="60,36,123,98,120,10,29,8,2,4,28,69,80" hai2="104,93,30,66,59,88,132,103,76,23,124,126,27" hai3="105,84,116,90,40,43,94,133,16,83,89,65,92"/><T26/><D107/><U78/><E36/><V135/><F76/><W108/><G108/><T128/><D114/><U55/><E10/><N who="0" m="3593" /><D32/><U79/><E98/><V62/><F104/><W37/><G116/><T75/><D75/><U68/><E79/><V24/><F24/><W130/><G105/><T46/><D0/><U100/><E100/><V19/><F19/><W96/><G130/><N who="0" m="49707" /><D39/><U54/><E69/><V7/><F7/><W115/><G115/><T51/><D51/><U129/><E129/><V74/><F74/><W71/><G133/><N who="2" m="51273" /><F103/><W31/><G31/><N who="0" m="17863" /><D61/><U57/><E28/><V1/><F1/><W41/><G37/><T102/><D102/><U112/><E29/><V118/><F118/><W48/><G48/><T73/><D73/><U122/><E112/><V106/><F106/><W121/><G43/><T53/><D53/><U85/><REACH who="1" step="1"/><E68/><AGARI ba="1,1" hai="46,47,63,67,68" m="17863,49707,3593" machi="68" ten="30,1500,0" yaku="19,1" doraHai="119" who="0" fromWho="1" sc="164,28,406,-18,186,0,234,0" /><INIT seed="4,2,0,3,3,72" ten="192,388,186,234" oya="0" hai0="13,129,117,52,90,69,48,105,11,21,0,124,19" hai1="86,36,62,91,113,33,18,119,88,107,111,109,12" hai2="93,65,74,39,80,103,127,5,29,60,66,16,40" hai3="55,73,3,71,87,34,27,2,94,22,31,77,42"/><T128/><D117/><U106/><E33/><V37/><F127/><W108/><G108/><T30/><D69/><U9/><E119/><V133/><F133/><W131/><G71/><T70/><D70/><U15/><E36/><V135/><F135/><W41/><G131/><N who="0" m="50251" /><D105/><U134/><E134/><V115/><F115/><W130/><G130/><T59/><D124/><U99/><E113/><V118/><F118/><W120/><G120/><T35/><D35/><U45/><E45/><V85/><F29/><W68/><G68/><T47/><D90/><U49/><E49/><V116/><F5/><W53/><G73/><T43/><D0/><U64/><E15/><V25/><F74/><W121/><G121/><T132/><D132/><U1/><E1/><V10/><F116/><W63/><G2/><T58/><D43/><U14/><E14/><V122/><F122/><W26/><G3/><T75/><D75/><U67/><E91/><V102/><F40/><W84/><G34/><T104/><D104/><U6/><E107/><V98/><F103/><W89/><G27/><AGARI ba="2,0" hai="11,13,19,21,27,30,47,48,52,58,59" m="50251" machi="27" ten="30,2900,0" yaku="19,1,54,1" doraHai="72" who="0" fromWho="3" sc="192,35,388,0,186,0,234,-35" /><INIT seed="4,3,0,4,3,131" ten="227,388,186,199" oya="0" hai0="27,36,1,97,31,11,121,95,117,113,21,132,124" hai1="67,81,12,75,0,13,89,123,65,120,88,61,17" hai2="87,10,80,42,14,107,37,72,4,78,8,98,50" hai3="70,135,24,112,7,62,6,100,23,52,66,73,64"/><T90/><D121/><U30/><E0/><V3/><F50/><W118/><G118/><T69/><D117/><U91/><E30/><V74/><F98/><W56/><G135/><T48/><D36/><U77/><E12/><V85/><F72/><W47/><G112/><T106/><D124/><U60/><E61/><V114/><F114/><W119/><G119/><T93/><D113/><U33/><E33/><V15/><F15/><W105/><G73/><T58/><D69/><U2/><E2/><V127/><F107/><W126/><G126/><T94/><D106/><U101/><E101/><V28/><F28/><W38/><G100/><T110/><D110/><U129/><E129/><V92/><F92/><W35/><G35/><T43/><D132/><U19/><E19/><V57/><F57/><W29/><G105/><T34/><D34/><U133/><E65/><V83/><F83/><W59/><G59/><T96/><D97/><U68/><REACH who="1" step="1"/><E133/><REACH who="1" ten="227,378,186,199" step="2"/><V130/><F130/><W103/><G103/><T109/><D109/><U134/><E134/><V32/><F32/><W115/><G115/><T44/><D1/><U63/><E63/><V45/><REACH who="2" step="1"/><F127/><REACH who="2" ten="227,378,176,199" step="2"/><W86/><G29/><T51/><D11/><AGARI ba="3,2" hai="11,13,17,60,67,68,75,77,81,88,89,91,120,123" machi="11" ten="40,2600,0" yaku="1,1,54,1,53,0" doraHai="131" doraHaiUra="22" who="1" fromWho="0" sc="227,-35,378,55,176,0,199,0" /><INIT seed="5,0,0,0,1,13" ten="192,433,176,199" oya="1" hai0="43,2,63,107,7,109,69,118,87,125,116,80,117" hai1="100,52,46,27,5,67,106,59,130,36,50,75,57" hai2="115,24,105,41,20,89,22,37,129,21,16,19,78" hai3="39,86,134,49,101,114,31,71,126,66,17,55,90"/><U103/><E75/><V122/><F105/><W1/><G39/><T64/><D109/><U83/><E130/><V4/><F122/><W26/><G1/><T48/><D107/><U91/><E106/><V108/><F108/><W15/><G114/><T3/><D7/><U68/><E5/><V119/><F119/><W76/><G126/><T132/><D132/><U42/><E57/><V131/><F115/><W44/><G134/><T40/><D125/><U98/><E27/><V53/><F78/><W73/><G101/><T45/><REACH who="0" step="1"/><D40/><REACH who="0" ten="182,433,176,199" step="2"/><U82/><E42/><V8/><F41/><W128/><G128/><N who="2" m="49225" /><F37/><W34/><G73/><T88/><AGARI ba="0,1" hai="2,3,43,45,48,63,64,69,80,87,88,116,117,118" machi="88" ten="30,4000,0" yaku="1,1,0,1,54,1,53,0" doraHai="13" doraHaiUra="9" who="0" fromWho="0" sc="182,50,433,-20,176,-10,199,-10" /><INIT seed="6,0,0,3,2,46" ten="232,413,166,189" oya="2" hai0="129,29,24,21,32,98,93,28,82,59,60,94,85" hai1="68,70,66,80,124,75,99,77,3,67,96,101,4" hai2="20,110,69,88,115,27,134,0,33,116,26,55,76" hai3="133,84,104,135,41,64,78,23,125,30,2,58,11"/><V54/><F116/><W12/><G104/><T111/><D111/><U45/><E124/><V6/><F110/><W106/><G106/><T102/><D129/><U31/><E31/><V121/><F69/><W95/><G125/><T62/><D29/><U130/><E130/><V49/><F121/><W53/><G41/><T1/><D1/><U127/><E127/><V122/><F122/><W43/><G43/><T87/><D32/><U123/><E123/><V16/><F134/><N who="3" m="51211" /><G64/><T83/><D93/><U38/><E66/><V72/><F115/><W42/><G42/><T57/><D83/><U47/><E99/><V19/><F76/><W79/><G95/><T74/><D74/><U118/><E118/><V61/><F72/><W36/><G36/><T113/><D113/><U86/><E38/><V15/><F33/><W17/><G84/><T105/><D105/><U48/><E67/><V91/><F0/><W14/><G2/><T108/><D108/><U97/><E70/><V119/><F119/><W44/><G44/><T103/><D102/><U10/><E68/><V131/><F131/><W13/><G30/><T109/><D109/><U128/><E128/><V34/><F34/><W18/><G13/><T92/><D94/><U90/><E3/><V71/><F71/><W50/><AGARI ba="0,0" hai="11,12,14,17,18,23,50,53,58,78,79" m="51211" machi="50" ten="30,2000,0" yaku="20,1,52,1" doraHai="46" who="3" fromWho="3" sc="232,-5,413,-5,166,-10,189,20" /><INIT seed="7,0,0,2,5,6" ten="227,408,156,209" oya="3" hai0="68,99,46,3,48,59,64,34,43,119,79,67,58" hai1="85,15,86,56,55,2,105,30,108,115,26,50,84" hai2="19,127,38,131,71,37,126,8,69,49,83,20,118" hai3="73,51,57,111,76,11,93,65,130,103,124,21,42"/><W72/><G111/><T53/><D3/><U12/><E2/><V32/><F118/><W44/><G124/><N who="2" m="47657" /><F32/><W75/><G130/><T104/><D119/><U100/><E108/><V23/><F131/><W91/><G103/><T31/><D79/><U28/><E28/><V4/><F83/><W87/><G21/><N who="2" m="8265" /><F19/><W96/><G11/><T116/><D116/><U25/><E115/><V128/><F128/><W18/><G18/><T133/><D31/><U107/><E25/><V24/><F24/><W17/><G17/><T35/><D34/><U81/><E81/><V29/><F29/><W33/><G33/><T102/><D35/><U9/><E9/><V5/><F49/><W101/><G76/><T0/><D48/><U74/><E50/><V27/><F27/><W132/><G75/><T90/><D102/><U39/><E12/><V113/><F113/><W80/><G73/><T13/><D13/><U112/><E112/><V54/><F54/><W134/><G72/><T135/><D53/><U92/><E55/><V63/><F63/><W41/><G41/><T89/><D43/><U88/><E15/><V10/><F69/><W77/><G77/><T125/><D68/><U106/><E26/><V114/><F114/><W16/><G16/><T70/><D125/><U94/><E30/><V78/><F78/><W36/><G51/><T1/><D70/><U123/><E74/><V122/><F122/><W109/><G80/><T110/><D110/><U45/><E123/><V14/><F71/><W62/><G62/><T7/><D59/><U66/><E56/><V52/><F52/><RYUUKYOKU ba="0,0" sc="227,-10,408,-10,156,30,209,-10" hai2="4,5,8,10,14,37,38" owari="217,1.7,398,49.8,186,-31.4,199,-20.1" /></mjloggm>