<mjloggm ver="2.3"><GO type="169" lobby="0"/><UN n0="%42%41%52%34" n1="%E7%8E%84%E9%85%94%E6%A5%BC" n2="%E3%82%82%E3%82%8A%E3%81%9E%E3%83%BC%33%38" n3="%E3%81%A1%E3%81%AA%E9%B7%B2" dan="16,17,16,16" rate="2136.96,2133.84,2096.45,2105.49" sx="M,M,M,M"/><TAIKYOKU oya="0"/><INIT seed="0,0,0,3,3,133" ten="250,250,250,250" oya="0" hai0="55,78,46,38,96,131,84,21,16,18,110,70,80" hai1="64,123,2,47,12,20,62,117,135,40,8,44,53" hai2="45,36,130,54,72,61,99,4,74,124,65,27,119" hai3="50,68,82,23,125,31,91,22,58,32,116,109,122"/><T49/><D70/><U39/><E135/><V97/><F130/><W66/><G116/><T134/><D134/><U107/><E107/><V92/><F119/><W14/><G32/><T19/><D131/><U71/><E117/><V79/><F4/><W6/><G68/><T30/><D30/><U73/><E73/><V128/><F128/><W98/><G109/><T24/><D110/><U86/><E123/><V81/><F72/><W76/><G122/><T34/><D34/><U57/><E2/><V95/><F27/><W115/><G115/><T120/><D120/><U56/><E20/><V9/><F9/><W7/><G31/><T90/><D38/><U35/><E86/><V17/><F17/><W63/><G98/><T13/><D24/><U112/><E35/><V89/><F36/><W108/><G14/><T77/><D77/><U69/><E112/><V132/><F45/><W28/><G28/><T37/><D37/><N who="1" m="21519" /><E8/><V102/><F54/><W11/><G23/><T29/><D29/><U88/><E88/><V0/><F0/><W15/><G22/><T106/><D106/><U129/><E12/><V60/><F132/><W111/><G15/><T101/><REACH who="0" step="1"/><D90/><REACH who="0" ten="240,250,250,250" step="2"/><U1/><E129/><V26/><F26/><W59/><G91/><T75/><D75/><U104/><E104/><V94/><F92/><W5/><G76/><T85/><D85/><U3/><E71/><N who="2" m="42415" /><F60/><W42/><G63/><T48/><D48/><N who="1" m="28831" /><E39/><V43/><F43/><W33/><G42/><T52/><D52/><U118/><E118/><V121/><F121/><W41/><G111/><T100/><D100/><RYUUKYOKU ba="0,1" sc="240,10,250,10,250,10,250,-30" hai0="13,16,18,19,21,46,49,55,78,80,84,96,101" hai1="1,3,56,57,62,64,69" hai2="74,79,81,89,94,95,97,99,102,124" /><INIT seed="0,1,1,4,4,74" ten="250,260,260,220" oya="0" hai0="106,45,77,119,59,130,28,132,19,124,15,115,30" hai1="12,36,27,90,133,73,75,1,34,46,66,11,54" hai2="21,48,37,102,101,29,26,67,71,60,3,16,49" hai3="82,113,5,63,56,70,81,13,93,22,107,24,40"/><T134/><D106/><U14/><E1/><V65/><F3/><W99/><G70/><T58/><D115/><U2/><E2/><V98/><F37/><W84/><G107/><T57/><D119/><U126/><E66/><V7/><F7/><W17/><G40/><T47/><D124/><U86/><E126/><V4/><F4/><W33/><G113/><T122/><D122/><U109/><E109/><V38/><F38/><W50/><G50/><T114/><D130/><U118/><E12/><V111/><F111/><W42/><G42/><T87/><D30/><U85/><E85/><V62/><F29/><W110/><G33/><T100/><D28/><N who="1" m="19743" /><E36/><V44/><F44/><W120/><G120/><T79/><D100/><U104/><E104/><V105/><REACH who="2" step="1"/><F102/><REACH who="2" ten="250,260,250,220" step="2"/><W95/><G110/><T80/><D114/><U20/><E118/><V117/><F117/><W8/><G5/><T10/><REACH who="0" step="1"/><D77/><REACH who="0" ten="240,260,250,220" step="2"/><U0/><E0/><V32/><F32/><W89/><G17/><T103/><D103/><U96/><E90/><V131/><F131/><W108/><G89/><T72/><D72/><U128/><E73/><V9/><F9/><W69/><G8/><T116/><D116/><U6/><E75/><V94/><F94/><W88/><G95/><T51/><D51/><U31/><E11/><V68/><AGARI ba="1,3" hai="16,21,26,48,49,60,62,65,67,68,71,98,101,105" machi="68" ten="20,8000,1" yaku="1,1,0,1,7,1,9,1,54,1,53,0" doraHai="74" doraHaiUra="83" who="2" fromWho="2" sc="240,-41,260,-21,250,113,220,-21" /><INIT seed="1,0,0,4,3,122" ten="199,239,363,199" oya="1" hai0="6,123,61,80,32,71,3,11,10,40,68,1,110" hai1="51,129,101,67,66,134,12,112,124,94,34,43,104" hai2="5,95,117,130,55,132,44,18,20,111,41,45,114" hai3="78,9,88,35,69,46,107,53,120,56,82,64,47"/><U37/><E112/><V113/><F117/><W30/><G120/><T119/><D123/><U42/><E104/><V91/><F130/><W39/><G107/><T99/><D32/><U17/><E37/><V72/><F72/><W57/><G69/><T52/><D40/><U31/><E129/><V36/><F132/><W98/><G39/><T131/><D99/><U23/><E134/><V103/><F5/><W115/><G115/><N who="2" m="44041" /><F103/><W93/><G35/><T85/><D85/><U84/><E124/><V38/><F55/><W65/><G30/><T27/><D27/><N who="1" m="16895" /><E34/><V105/><F105/><W54/><G9/><T49/><D6/><U22/><E101/><V108/><F45/><W76/><G98/><T75/><D75/><U15/><E15/><N who="2" m="9311" /><F38/><W13/><G13/><T2/><D119/><U81/><E94/><V77/><F77/><W92/><REACH who="3" step="1"/><G82/><REACH who="3" ten="199,239,363,189" step="2"/><T21/><D131/><U87/><E81/><V70/><F70/><W73/><G73/><T118/><D71/><U8/><E12/><V121/><F121/><W135/><G135/><T33/><D68/><U128/><E128/><V89/><F89/><AGARI ba="0,1" hai="46,47,53,54,56,57,64,65,76,78,88,89,92,93" machi="89" ten="25,8000,1" yaku="1,1,22,2,8,1,54,1,53,0" doraHai="122" doraHaiUra="14" who="3" fromWho="2" sc="199,0,239,0,363,-80,189,90" /><INIT seed="2,0,0,3,0,92" ten="199,239,283,279" oya="2" hai0="3,74,15,43,85,84,4,97,98,115,1,58,93" hai1="83,133,47,63,31,21,94,100,50,25,52,42,6" hai2="11,30,90,51,118,77,20,64,95,128,33,113,126" hai3="18,57,121,82,114,110,38,67,119,101,8,106,53"/><V129/><F113/><W2/><G119/><T103/><D74/><U125/><E125/><V123/><F118/><W55/><G121/><T46/><D1/><U86/><E133/><V13/><F123/><W9/><G38/><T7/><D3/><U23/><E6/><N who="0" m="2089" /><D115/><U65/><E21/><V131/><F126/><W89/><G2/><T105/><D105/><U80/><E42/><V124/><F124/><W40/><G40/><T122/><D15/><U61/><E61/><V19/><F77/><W120/><G120/><T91/><D58/><N who="1" m="37111" /><E86/><N who="0" m="33385" /><D122/><U59/><E59/><V56/><F64/><W88/><G57/><T130/><D130/><U69/><E69/><V28/><F33/><W39/><G39/><T35/><D35/><U26/><E26/><V132/><F132/><W60/><G67/><T112/><D112/><U5/><E5/><V96/><REACH who="2" step="1"/><F20/><REACH who="2" ten="199,239,273,279" step="2"/><W29/><G114/><T44/><D43/><U24/><E24/><V78/><F78/><W68/><G68/><T66/><D66/><U48/><E48/><V16/><F16/><W76/><G18/><T108/><D108/><U127/><E127/><V10/><F10/><W87/><G9/><T0/><D0/><U73/><E73/><V79/><F79/><W41/><G76/><T135/><D135/><U22/><E22/><V134/><F134/><W102/><G8/><T71/><D71/><U111/><E111/><V72/><F72/><W75/><G75/><T37/><D37/><U49/><E49/><V109/><F109/><W81/><G110/><T107/><D44/><U32/><E32/><V117/><F117/><RYUUKYOKU ba="0,1" sc="199,10,239,10,273,10,279,-30" hai0="46,91,93,97,98,103,107" hai1="23,25,31,47,50,52,80,83,94,100" hai2="11,13,19,28,30,51,56,90,95,96,128,129,131" /><INIT seed="2,1,1,4,4,91" ten="209,249,283,249" oya="2" hai0="67,49,14,80,124,5,84,119,93,37,36,88,7" hai1="46,23,62,85,12,50,20,68,25,27,3,2,71" hai2="121,72,33,0,8,126,97,107,101,18,11,128,74" hai3="9,77,108,113,133,120,47,56,82,6,112,13,103"/><V22/><F121/><W63/><G120/><T54/><D124/><U134/><E134/><V114/><F114/><N who="3" m="44139" /><G133/><T1/><D119/><U64/><E85/><V78/><F126/><W65/><G103/><T98/><D1/><U32/><E12/><V81/><F72/><N who="3" m="43303" /><G47/><T31/><D67/><U28/><E71/><V86/><F128/><W89/><G89/><T75/><D31/><U96/><E96/><V87/><F33/><W131/><G131/><T73/><D73/><U132/><E32/><V105/><F105/><W19/><G108/><T106/><D106/><U16/><REACH who="1" step="1"/><E132/><REACH who="1" ten="209,239,283,249" step="2"/><V61/><F87/><W102/><G102/><T94/><D75/><U21/><E21/><V59/><F74/><W115/><G115/><T111/><D111/><U38/><E38/><V40/><F0/><W48/><G13/><T79/><D94/><U44/><E44/><V60/><F107/><W118/><G118/><T53/><D14/><U117/><E117/><V41/><F97/><W99/><G99/><T43/><D36/><U129/><E129/><V110/><F110/><W35/><G35/><T34/><D37/><U69/><E69/><V45/><F45/><W70/><G70/><T90/><D34/><U42/><AGARI ba="1,2" hai="2,3,16,20,23,25,27,28,42,46,50,62,64,68" machi="42" ten="20,8000,1" yaku="1,1,0,1,7,1,54,1,53,1" doraHai="91" doraHaiUra="58" who="1" fromWho="1" sc="209,-21,239,103,283,-41,249,-21" /><INIT seed="3,0,0,1,0,88" ten="188,342,242,228" oya="3" hai0="36,96,123,108,79,6,86,76,65,49,122,90,80" hai1="112,132,44,38,2,43,37,45,23,129,104,56,52" hai2="111,30,29,85,106,101,18,128,55,100,69,59,120" hai3="89,133,94,99,17,63,77,40,25,51,107,15,19"/><W119/><G119/><T22/><D36/><U7/><E104/><V71/><F111/><W102/><G133/><T81/><D65/><U121/><E2/><V4/><F4/><W31/><G77/><T116/><D6/><U46/><E23/><V61/><F128/><W9/><G63/><T83/><D22/><U84/><E84/><V24/><F120/><W118/><G118/><T47/><D116/><U33/><E33/><V41/><F106/><W12/><G51/><T26/><D26/><U92/><E92/><V74/><F74/><W82/><G40/><T66/><D66/><U32/><E32/><V105/><F105/><W135/><G135/><T20/><D20/><U126/><E7/><V93/><F71/><W10/><G82/><T13/><D96/><U113/><E132/><V87/><F69/><W62/><G62/><T8/><D108/><U53/><E121/><V11/><F41/><W78/><G78/><N who="0" m="29739" /><D123/><U68/><E68/><V64/><F64/><W134/><G134/><T131/><D131/><U91/><E129/><V73/><F73/><W27/><REACH who="3" step="1"/><G31/><REACH who="3" ten="188,342,242,218" step="2"/><T3/><D122/><U98/><E43/><V70/><F30/><W54/><G54/><N who="0" m="30015" /><D3/><U28/><E28/><V1/><F1/><W117/><G117/><T95/><D80/><U67/><E53/><V115/><F29/><W0/><G0/><T60/><D60/><U48/><E52/><V127/><F55/><W16/><G16/><N who="0" m="8231" /><D81/><U57/><E37/><V109/><F61/><W125/><G125/><T114/><D83/><U14/><E38/><V39/><F39/><W72/><G72/><RYUUKYOKU ba="0,1" sc="188,15,342,-15,242,-15,218,15" hai0="86,90,95,114" hai3="9,10,12,15,17,19,25,27,89,94,99,102,107" /><INIT seed="3,1,1,4,2,66" ten="203,327,227,233" oya="3" hai0="33,34,6,51,81,115,116,63,86,91,85,58,5" hai1="109,123,82,18,14,124,130,27,105,13,127,30,8" hai2="0,60,119,76,129,96,25,111,40,24,22,103,3" hai3="71,126,88,46,110,100,36,38,42,53,78,113,106"/><W69/><G113/><T23/><D116/><U90/><E105/><V50/><F119/><W1/><G1/><T132/><D132/><U54/><E123/><V37/><F37/><W17/><G78/><T133/><D133/><U104/><E104/><V84/><F111/><W11/><G36/><T93/><D33/><U97/><E109/><V122/><F122/><W52/><G110/><T120/><D34/><U57/><E130/><V107/><F129/><W4/><G17/><T118/><D115/><U102/><E82/><V99/><F99/><W21/><G21/><T67/><D118/><U65/><E65/><V73/><F73/><W32/><G32/><T94/><D94/><U70/><E70/><V48/><F25/><W114/><G114/><T112/><D120/><U121/><E90/><V83/><F60/><W128/><G128/><T12/><D51/><U108/><E121/><V45/><REACH who="2" step="1"/><F48/><REACH who="2" ten="203,327,217,233" step="2"/><W98/><G38/><T35/><D112/><U89/><E97/><V15/><F15/><W26/><G26/><T92/><D12/><U75/><E13/><V43/><F43/><W19/><G42/><T7/><D63/><U117/><E75/><V61/><F61/><W77/><G98/><T28/><D86/><U62/><E62/><V68/><F68/><W79/><G71/><T56/><D85/><U101/><E27/><V49/><F49/><W135/><G69/><T9/><D67/><U131/><E108/><V134/><F134/><W87/><G135/><T125/><D35/><U44/><E117/><V74/><F74/><W39/><G106/><T95/><D28/><AGARI ba="1,2" hai="0,3,22,24,28,40,45,50,76,83,84,96,103,107" machi="28" ten="30,7700,0" yaku="1,1,6,1,7,1,53,1" doraHai="66" doraHaiUra="80" who="2" fromWho="0" sc="203,-80,327,0,217,100,233,0" /><INIT seed="4,0,0,3,5,128" ten="123,327,317,233" oya="0" hai0="115,1,64,35,56,68,38,102,27,52,14,78,105" hai1="19,30,62,66,33,69,22,54,15,126,116,21,81" hai2="59,53,114,20,50,133,113,130,75,46,49,96,106" hai3="89,95,28,24,72,86,98,65,10,67,124,11,76"/><T121/><D1/><U5/><E116/><V118/><F130/><W110/><G110/><T129/><D129/><U71/><E33/><V79/><F118/><W123/><G123/><T88/><D38/><U99/><E126/><V87/><F75/><W91/><G76/><T74/><D121/><U120/><E54/><V31/><F133/><W107/><G72/><T94/><D115/><N who="2" m="44042" /><F31/><W39/><G39/><T17/><D35/><U40/><E99/><V101/><F20/><W18/><G124/><T9/><D27/><U13/><E81/><N who="2" m="47551" /><F46/><W132/><G132/><T8/><D64/><U103/><E40/><V58/><F58/><W100/><G91/><T125/><D68/><U23/><E15/><V12/><F12/><W73/><G73/><T29/><D29/><U90/><E90/><V135/><F135/><W3/><G18/><T70/><D70/><U85/><E62/><AGARI ba="0,0" hai="49,50,53,59,62,96,101,106" m="47551,44042" machi="62" ten="30,1000,0" yaku="15,1" doraHai="128" who="2" fromWho="1" sc="123,0,327,-10,317,10,233,0" /><INIT seed="5,0,0,2,5,87" ten="123,317,327,233" oya="1" hai0="13,125,89,84,73,34,56,45,38,58,74,61,118" hai1="33,17,28,77,130,36,52,131,64,40,76,119,55" hai2="96,7,128,71,22,88,10,112,16,43,30,0,94" hai3="11,98,51,103,101,57,24,91,12,104,2,81,44"/><U100/><E119/><V92/><F71/><W27/><G2/><T48/><D118/><U70/><E100/><V29/><F128/><N who="1" m="49193" /><E17/><V32/><F32/><W83/><G57/><T41/><D34/><U20/><E33/><V47/><F94/><W42/><G83/><T75/><D125/><U5/><E5/><V105/><F105/><W23/><G23/><T1/><D1/><U127/><E127/><V67/><F67/><W15/><G15/><T3/><D3/><U86/><E40/><V97/><F97/><W35/><G35/><T108/><D108/><U60/><E36/><V26/><F112/><W95/><G104/><T79/><D79/><N who="1" m="30283" /><E86/><V120/><F120/><W133/><G133/><T109/><D109/><U25/><AGARI ba="0,0" hai="20,25,28,52,55,60,64,70" m="30283,49193" machi="25" ten="30,3000,0" yaku="19,1,54,1" doraHai="87" who="1" fromWho="1" sc="123,-10,317,30,327,-10,233,-10" /><INIT seed="5,1,0,2,5,85" ten="113,347,317,223" oya="1" hai0="132,121,111,20,128,107,91,129,75,68,115,43,79" hai1="102,46,70,2,94,11,130,48,12,36,13,10,34" hai2="87,25,7,108,86,29,17,100,51,66,93,15,56" hai3="76,41,69,114,24,1,4,105,42,0,112,5,99"/><U6/><E70/><V124/><F108/><W122/><G69/><T98/><D20/><U83/><E34/><V134/><F134/><W39/><G105/><T64/><D43/><U88/><E36/><V104/><F104/><W53/><G39/><T35/><D64/><U65/><E130/><V9/><F124/><W33/><G33/><T60/><D60/><U32/><E65/><V77/><F77/><W90/><G76/><T52/><D52/><N who="1" m="29719" /><E32/><V120/><F120/><W21/><G53/><T47/><D47/><U133/><E2/><V55/><F66/><W27/><G21/><T109/><D35/><U63/><E63/><V119/><F119/><W57/><G57/><T106/><D68/><U37/><E37/><V19/><F29/><W116/><G122/><T117/><D121/><U59/><E59/><V97/><F25/><W95/><G116/><T40/><D40/><U50/><E50/><V113/><F113/><W96/><REACH who="3" step="1"/><G95/><REACH who="3" ten="113,347,317,213" step="2"/><N who="0" m="56703" /><D117/><U135/><E135/><V31/><F31/><W18/><G18/><AGARI ba="1,1" hai="7,9,15,17,18,19,51,55,56,86,87,93,97,100" machi="18" ten="40,1300,0" yaku="8,1" doraHai="85" who="2" fromWho="3" sc="113,0,347,0,317,26,213,-16" /><INIT seed="6,0,0,4,3,24" ten="113,347,343,197" oya="2" hai0="121,52,14,129,45,133,61,34,41,25,39,57,84" hai1="4,28,37,15,83,65,54,32,53,128,88,126,31" hai2="58,12,81,94,49,27,60,95,44,55,74,19,59" hai3="67,26,40,16,42,93,63,82,3,62,9,71,90"/><V122/><F122/><W56/><G3/><T101/><D121/><U70/><E37/><V96/><F74/><W8/><G82/><T85/><D133/><U68/><E32/><V124/><F124/><W110/><G110/><T73/><D73/><U51/><E126/><V21/><F81/><W50/><G50/><T77/><D129/><U30/><E128/><V10/><F59/><W112/><G112/><T5/><D77/><U132/><E132/><V79/><F79/><W69/><G8/><T48/><D101/><U120/><E120/><V78/><F78/><W97/><G71/><T103/><D103/><U0/><E0/><V102/><F95/><W131/><G131/><T66/><D14/><U80/><E68/><V127/><F127/><W75/><G75/><T117/><D5/><U76/><E76/><V104/><F104/><W47/><G47/><T35/><D35/><U11/><E88/><V22/><REACH who="2" step="1"/><F27/><REACH who="2" ten="113,347,333,197" step="2"/><W118/><G26/><T105/><D105/><U7/><E80/><V2/><F2/><W106/><G106/><T116/><D25/><U99/><E83/><V100/><F100/><W107/><G107/><T115/><D34/><U111/><E70/><V20/><F20/><W38/><G56/><T29/><D116/><U134/><E134/><V98/><F98/><W43/><G97/><T6/><D117/><U36/><E99/><V91/><F91/><W18/><G90/><T72/><D72/><U33/><E33/><V64/><AGARI ba="0,1" hai="10,12,19,21,22,44,49,55,58,60,64,94,96,102" machi="64" ten="20,12000,1" yaku="1,1,0,1,7,1,8,1,53,1" doraHai="24" doraHaiUra="13" who="2" fromWho="2" sc="113,-40,347,-40,333,130,197,-40" /><INIT seed="6,1,0,0,0,72" ten="73,307,463,157" oya="2" hai0="103,125,40,58,69,75,134,32,33,51,78,105,112" hai1="63,52,85,101,123,68,95,74,11,83,60,66,41" hai2="8,56,88,71,38,35,57,128,62,39,6,3,46" hai3="119,26,115,82,24,23,28,19,99,47,50,114,22"/><V133/><F35/><W7/><G119/><T96/><D69/><U84/><E41/><V17/><F133/><W86/><G7/><T104/><D134/><U4/><E123/><V10/><F128/><W108/><G99/><T116/><D116/><U43/><E43/><V124/><F124/><W14/><G108/><T61/><D105/><U42/><E42/><V73/><F73/><W45/><G45/><T13/><D125/><U120/><E120/><V53/><F71/><W44/><G44/><T92/><D51/><U87/><E74/><V113/><F46/><W55/><REACH who="3" step="1"/><G26/><REACH who="3" ten="73,307,463,147" step="2"/><T107/><D40/><U110/><E4/><N who="2" m="1055" /><F38/><W48/><G48/><T97/><D97/><U16/><E110/><V94/><F39/><W1/><G1/><T135/><D96/><U118/><E118/><V31/><F6/><W36/><G36/><T12/><D135/><U29/><E101/><V49/><F49/><W2/><G2/><T100/><D103/><U64/><E63/><V129/><F62/><W59/><G59/><T18/><D100/><U76/><E60/><V37/><F57/><W0/><G0/><T80/><D58/><U106/><E68/><V89/><F56/><W70/><G70/><T15/><D61/><U34/><E64/><V91/><F37/><W9/><G9/><T77/><D107/><U127/><E11/><V111/><F10/><W90/><AGARI ba="1,1" hai="14,19,22,23,24,28,47,50,55,82,86,90,114,115" machi="90" ten="30,2000,0" yaku="1,1,0,1,53,0" doraHai="72" doraHaiUra="117" who="3" fromWho="3" sc="73,-6,307,-6,463,-11,147,33" /><INIT seed="7,0,0,5,0,21" ten="67,301,452,180" oya="3" hai0="52,5,25,29,62,28,60,104,126,119,95,130,70" hai1="112,87,51,3,107,53,135,27,6,83,101,23,63" hai2="134,92,77,108,40,68,15,46,111,73,99,106,109" hai3="117,78,55,120,38,14,17,132,2,4,122,80,19"/><W41/><G117/><T133/><D119/><U42/><E42/><V45/><F68/><W0/><G132/><T57/><D104/><U47/><E112/><V89/><F134/><W22/><G4/><T128/><D133/><U64/><E135/><V102/><F15/><W48/><G41/><T37/><D37/><U81/><E101/><V125/><F125/><W124/><G38/><T97/><D126/><U35/><E35/><V56/><F56/><W75/><G124/><T8/><D70/><U66/><E107/><V32/><F32/><W12/><G120/><T58/><D28/><U88/><E81/><N who="2" m="45231" /><F40/><W16/><G122/><T131/><D95/><U54/><E3/><V110/><F110/><W103/><G103/><T1/><D97/><U121/><E6/><V100/><F100/><W94/><G94/><T79/><D79/><U93/><E93/><V39/><F39/><W20/><REACH who="3" step="1"/><G19/><REACH who="3" ten="67,301,452,170" step="2"/><T118/><D118/><U67/><E121/><V59/><F111/><W86/><G86/><T24/><REACH who="0" step="1"/><D29/><REACH who="0" ten="57,301,452,170" step="2"/><U98/><E98/><V72/><F102/><W31/><G31/><T74/><D74/><U43/><E87/><V96/><F72/><W69/><G69/><T34/><D34/><U7/><E7/><V13/><F109/><W90/><G90/><T11/><D11/><U36/><E88/><V84/><F96/><W127/><G127/><T44/><D44/><AGARI ba="0,2" hai="0,2,12,14,16,17,20,22,44,48,55,75,78,80" machi="44" ten="30,11600,0" yaku="1,1,7,1,9,1,54,1,53,0" doraHai="21" doraHaiUra="115" who="3" fromWho="0" sc="57,-116,301,0,452,0,170,136" owari="-59,-55.9,301,-9.9,452,55.2,306,10.6" /></mjloggm>