<mjloggm ver="2.3"><GO type="169" lobby="0"/><UN n0="%52%65%63%61%6C%74%71" n1="%41%4C%50%45%52%49%4E" n2="%44%42%4A" n3="%E7%8C%AA%E7%8B%A9%E5%AE%88" dan="16,16,16,17" rate="2099.08,2099.94,2168.38,2182.00" sx="M,M,M,M"/><TAIKYOKU oya="0"/><INIT seed="0,0,0,4,4,127" ten="250,250,250,250" oya="0" hai0="31,91,29,84,8,44,73,37,1,133,83,54,46" hai1="58,34,41,86,14,107,35,79,7,70,17,25,47" hai2="26,20,42,74,59,126,10,135,128,45,100,106,27" hai3="75,88,57,115,92,24,116,102,51,124,13,64,55"/><T76/><D133/><U48/><E70/><V2/><F126/><W77/><G115/><T60/><D60/><U132/><E107/><V105/><F135/><W23/><G116/><T118/><D118/><U63/><E132/><V109/><F109/><W81/><G124/><T72/><D72/><U101/><E101/><V85/><F74/><W98/><G13/><T121/><D121/><U40/><E40/><V71/><F59/><W112/><G112/><T131/><D131/><U15/><E25/><V49/><F26/><W110/><G110/><T52/><D46/><U53/><E15/><V111/><F100/><W11/><G11/><T36/><D29/><U104/><E104/><V9/><F9/><W114/><G114/><T113/><D31/><U18/><E35/><V38/><F38/><W32/><G32/><T28/><D28/><U39/><E39/><V87/><F71/><W16/><REACH who="3" step="1"/><G102/><REACH who="3" ten="250,250,250,240" step="2"/><T99/><D113/><U134/><E34/><V6/><F111/><W130/><G130/><T68/><D8/><N who="1" m="4383" /><E134/><V93/><F128/><W119/><G119/><T62/><D1/><U22/><E22/><V90/><REACH who="2" step="1"/><F87/><REACH who="2" ten="250,250,240,240" step="2"/><W96/><G96/><T65/><D99/><U12/><E12/><V82/><F82/><AGARI ba="0,2" hai="17,18,41,47,48,53,58,63,79,82,86" m="4383" machi="82" ten="30,2000,0" yaku="25,1,8,1" doraHai="127" who="1" fromWho="2" sc="250,0,250,40,240,-20,240,0" /><INIT seed="1,0,0,4,3,75" ten="250,290,220,240" oya="1" hai0="66,28,83,109,86,64,114,131,3,52,121,81,93" hai1="36,18,84,49,19,95,46,45,63,135,120,9,116" hai2="87,127,115,118,17,12,107,104,60,117,132,73,22" hai3="51,53,89,61,123,50,23,16,6,108,62,124,39"/><U29/><E116/><V14/><F127/><W91/><G123/><T74/><D121/><U34/><E120/><V90/><F73/><W67/><G39/><T10/><D114/><U38/><E135/><V31/><F132/><W88/><G108/><T112/><D112/><U125/><E125/><V2/><F2/><W42/><G124/><T55/><D131/><U76/><E34/><V24/><F115/><W130/><G130/><T100/><D28/><U37/><E29/><V92/><F12/><W110/><G110/><T71/><D74/><U11/><E63/><V111/><F111/><W99/><G6/><T35/><D109/><U20/><E95/><V77/><F77/><W56/><G99/><T59/><D35/><U106/><E106/><V70/><F104/><W7/><G7/><T119/><D119/><U0/><E0/><V94/><F107/><W82/><G82/><T47/><D10/><U98/><E98/><V101/><F101/><W133/><G133/><T103/><D3/><U32/><E32/><V25/><F25/><W21/><G21/><T15/><D15/><N who="1" m="9311" /><E19/><V68/><F94/><W5/><G5/><T48/><D71/><U33/><E33/><V58/><F70/><W72/><G72/><T43/><D43/><N who="1" m="24767" /><E46/><V78/><F68/><W40/><G67/><N who="0" m="25643" /><D93/><U26/><E26/><V79/><F118/><W54/><G62/><N who="0" m="36199" /><D83/><N who="1" m="47207" /><E38/><V97/><F117/><W113/><G113/><T126/><D126/><U69/><E69/><V134/><F134/><W102/><G61/><T129/><D129/><U30/><E30/><V57/><F60/><W8/><G50/><RYUUKYOKU ba="0,0" sc="250,15,290,15,220,-15,240,-15" hai0="47,48,55,81,86,100,103" hai1="9,11,36,37" /><INIT seed="1,1,0,1,0,2" ten="265,305,205,225" oya="1" hai0="58,102,133,36,23,112,124,110,100,73,49,66,46" hai1="135,87,130,32,55,51,20,123,6,56,45,93,105" hai2="86,60,106,115,34,122,43,54,40,72,109,94,121" hai3="108,65,53,25,68,62,85,33,8,75,118,129,111"/><U97/><E123/><V114/><F106/><W7/><G75/><T126/><D112/><N who="2" m="43050" /><F72/><W63/><G129/><T57/><D73/><U64/><E32/><V98/><F34/><W119/><G85/><T82/><D133/><U99/><E135/><V29/><F29/><N who="3" m="19631" /><G53/><T26/><D36/><U69/><E69/><V88/><F109/><N who="3" m="42059" /><G62/><T12/><D12/><AGARI ba="1,0" hai="7,8,12,63,65,68,118,119" m="42059,19631" machi="12" ten="30,2000,0" yaku="14,1,52,1" doraHai="2" who="3" fromWho="0" sc="265,-23,305,0,205,0,225,23" /><INIT seed="2,0,0,3,2,79" ten="242,305,205,248" oya="2" hai0="35,107,89,127,128,34,29,86,77,40,121,75,63" hai1="73,112,11,56,122,81,120,84,0,114,24,51,48" hai2="5,78,47,71,20,46,8,129,88,18,119,26,105" hai3="19,90,23,17,102,52,74,14,43,69,117,66,38"/><V16/><F119/><W54/><G74/><T6/><D107/><U108/><E73/><V131/><F71/><W125/><G125/><T2/><D121/><N who="1" m="46699" /><E108/><V9/><F105/><W92/><G102/><T30/><D128/><N who="2" m="49226" /><F78/><W85/><G117/><T115/><D127/><U12/><E24/><V72/><F72/><W135/><G135/><T94/><D40/><U126/><E0/><N who="2" m="39" /><F9/><W32/><G32/><T87/><D115/><N who="1" m="44075" /><E56/><V31/><F31/><W36/><G19/><T53/><D75/><U109/><E109/><V10/><F10/><W13/><G13/><T7/><D34/><U83/><E126/><V111/><F111/><W58/><G43/><T45/><D35/><U106/><E106/><V3/><F18/><W110/><G54/><T104/><D104/><U49/><E84/><V98/><F3/><W59/><G69/><T55/><D2/><U57/><E57/><V133/><F133/><W15/><G15/><T95/><D6/><AGARI ba="0,0" hai="6,11,12,48,49,51,81,83" m="44075,46699" machi="6" ten="40,5200,0" yaku="13,1,52,2" doraHai="79" who="1" fromWho="0" sc="242,-52,305,52,205,0,248,0" /><INIT seed="3,0,0,2,1,120" ten="190,357,205,248" oya="3" hai0="72,64,13,125,62,2,117,101,74,43,126,41,26" hai1="114,10,80,53,31,16,99,20,34,5,100,14,102" hai2="122,78,135,39,1,61,110,134,57,66,91,82,112" hai3="73,70,35,89,4,29,45,87,55,90,9,113,33"/><W36/><G113/><T111/><D117/><U32/><E114/><V67/><F112/><W116/><G116/><T65/><D101/><U107/><E102/><V108/><F1/><W15/><G70/><T95/><D2/><U96/><E96/><V60/><F39/><W92/><G73/><T12/><D62/><U23/><E53/><V130/><F91/><W54/><G29/><T28/><D28/><U84/><E31/><V71/><F130/><W81/><G36/><T0/><D0/><U94/><E107/><V22/><F22/><W50/><REACH who="3" step="1"/><G55/><REACH who="3" ten="190,357,205,238" step="2"/><T75/><D75/><U77/><REACH who="1" step="1"/><E23/><REACH who="1" ten="190,347,205,238" step="2"/><V69/><F122/><W133/><G133/><N who="2" m="50697" /><F57/><W6/><G6/><T11/><D11/><U68/><E68/><V109/><F109/><W121/><G121/><T30/><D30/><U85/><E85/><AGARI ba="0,2" hai="60,61,66,67,69,71,78,82,85,108,110" m="50697" machi="85" ten="30,3900,0" yaku="20,1,52,2" doraHai="120" who="2" fromWho="1" sc="190,0,347,-39,205,59,238,0" /><AGARI ba="0,0" hai="4,9,15,33,35,45,50,54,81,85,87,89,90,92" machi="85" ten="30,2900,0" yaku="1,1,7,1,53,0" doraHai="120" doraHaiUra="19" who="3" fromWho="1" sc="190,0,308,-29,264,0,238,29" /><INIT seed="3,1,0,5,1,63" ten="190,279,264,267" oya="3" hai0="81,62,85,73,106,29,89,35,19,46,2,110,75" hai1="108,87,128,84,58,99,69,48,111,95,27,1,76" hai2="42,57,39,71,65,92,130,0,5,47,53,97,113" hai3="59,72,34,9,22,7,129,12,21,40,66,123,17"/><W38/><G123/><T104/><D110/><N who="1" m="42027" /><E69/><V70/><F0/><W94/><G72/><T28/><D2/><U118/><E1/><V122/><F5/><W3/><G129/><T112/><D112/><U119/><E27/><V88/><F113/><W55/><G34/><T79/><D75/><U101/><E128/><V41/><F41/><W91/><G22/><T49/><D62/><U24/><E24/><V93/><F130/><W8/><G8/><T121/><D121/><U124/><E124/><V37/><F37/><W117/><G40/><T67/><D67/><U23/><E23/><V52/><F122/><W78/><G38/><T44/><D44/><U16/><E16/><V61/><F71/><W115/><G78/><T10/><D35/><U114/><E114/><V68/><F68/><W96/><G117/><N who="1" m="44554" /><E76/><V13/><F13/><W50/><REACH who="3" step="1"/><G115/><REACH who="3" ten="190,279,264,257" step="2"/><T102/><D79/><U32/><E32/><V31/><F31/><W77/><G77/><T127/><D73/><U80/><E80/><V51/><F53/><AGARI ba="1,1" hai="48,53,58,84,87,95,99,101" m="44554,42027" machi="53" ten="30,2000,0" yaku="14,1,12,1" doraHai="63" who="1" fromWho="2" sc="190,0,279,33,264,-23,257,0" /><INIT seed="4,0,0,2,1,84" ten="190,312,241,257" oya="0" hai0="66,80,127,59,42,4,25,17,38,98,72,33,41" hai1="103,26,51,110,131,1,21,23,11,56,117,112,94" hai2="45,47,52,44,65,95,81,82,120,75,115,113,133" hai3="48,3,27,68,71,118,60,90,31,99,64,111,91"/><T18/><D127/><U86/><E117/><V32/><F32/><W62/><G111/><T102/><D4/><U126/><E110/><V40/><F120/><W54/><G3/><T19/><D38/><U69/><E69/><V37/><F65/><W63/><G118/><T5/><D5/><U0/><E126/><V89/><F133/><W104/><G68/><T134/><D134/><U61/><E131/><V97/><F75/><W128/><G128/><T119/><D119/><U28/><E112/><N who="2" m="43083" /><F45/><W79/><G79/><T93/><D80/><U55/><E11/><V135/><F135/><W114/><G114/><T13/><D72/><U107/><E107/><V122/><F122/><W67/><G67/><T22/><D33/><U57/><E23/><V43/><F52/><W76/><G76/><T10/><REACH who="0" step="1"/><D17/><REACH who="0" ten="180,312,241,257" step="2"/><U116/><E116/><V12/><F82/><W109/><G109/><T130/><D130/><U78/><E78/><V73/><F81/><W70/><G71/><T58/><D58/><U125/><E125/><V36/><F73/><W50/><G70/><T39/><D39/><U87/><E57/><V9/><F37/><W123/><G123/><T106/><D106/><U77/><E77/><V105/><F105/><W101/><G64/><T96/><D96/><U34/><E34/><V35/><F35/><W132/><G132/><T2/><D2/><U20/><E1/><V15/><F36/><W29/><G99/><T16/><D16/><U129/><E0/><V7/><F44/><W53/><G104/><T74/><D74/><U85/><E129/><V49/><F43/><RYUUKYOKU ba="0,1" sc="180,15,312,-15,241,15,257,-15" hai0="10,13,18,19,22,25,41,42,59,66,93,98,102" hai2="7,9,12,15,40,47,49,89,95,97" /><INIT seed="4,1,1,0,3,53" ten="195,297,256,242" oya="0" hai0="70,29,19,95,93,52,87,46,131,124,62,112,110" hai1="109,98,96,37,30,27,99,103,16,82,105,9,32" hai2="113,58,68,48,12,94,71,116,34,86,76,130,100" hai3="108,44,24,133,13,115,59,106,0,22,90,107,119"/><T1/><D1/><U83/><E109/><V5/><F34/><W66/><G0/><T7/><D110/><U21/><E37/><V42/><F130/><W77/><G108/><T134/><D134/><U11/><E105/><V65/><F113/><W28/><G119/><T72/><D72/><U31/><E103/><V2/><F2/><W114/><G77/><T51/><D131/><U57/><E57/><V56/><F68/><W10/><G133/><T3/><D124/><U35/><E35/><V89/><F71/><W120/><G90/><T126/><D126/><U123/><E123/><V132/><F65/><W129/><G44/><T84/><D29/><N who="1" m="17647" /><E32/><V26/><F26/><W6/><G120/><T69/><D112/><N who="3" m="43049" /><G129/><T23/><D7/><U8/><E16/><V64/><F64/><W45/><G45/><T88/><D3/><U17/><E17/><V135/><F116/><W54/><G66/><T60/><D70/><U50/><E50/><AGARI ba="1,1" hai="6,10,13,22,24,28,50,54,59,106,107" m="43049" machi="50" ten="30,2000,0" yaku="15,1,52,1" doraHai="53" who="3" fromWho="1" sc="195,0,297,-23,256,0,242,33" /><INIT seed="5,0,0,3,3,121" ten="195,274,256,275" oya="1" hai0="132,21,1,27,39,111,35,53,7,64,49,135,42" hai1="50,38,4,97,117,81,46,12,128,33,130,99,8" hai2="98,10,57,123,84,61,20,133,102,5,119,92,34" hai3="63,2,106,3,74,48,108,85,23,31,19,88,30"/><U32/><E117/><V62/><F133/><W69/><G106/><T95/><D64/><U75/><E38/><V47/><F34/><N who="1" m="13417" /><E81/><V17/><F47/><W118/><G74/><T104/><D104/><U87/><E87/><V82/><F123/><W109/><G118/><T36/><D35/><U70/><E70/><V93/><F93/><W107/><G107/><T101/><D111/><U131/><E75/><V90/><F119/><W89/><G48/><T127/><D127/><U51/><E51/><V45/><F45/><W120/><G120/><T16/><D7/><U100/><E100/><V0/><F57/><W58/><G69/><T24/><D1/><U15/><E15/><AGARI ba="0,0" hai="0,5,10,15,17,20,61,62,82,84,90,92,98,102" machi="15" ten="30,1000,0" yaku="7,1" doraHai="121" who="2" fromWho="1" sc="195,0,274,-10,256,10,275,0" /><INIT seed="6,0,0,4,4,27" ten="195,264,266,275" oya="2" hai0="20,7,78,61,94,35,2,128,98,39,59,49,115" hai1="26,105,77,127,13,53,123,52,24,88,112,99,109" hai2="97,9,1,130,104,11,82,135,74,84,80,46,12" hai3="32,79,66,100,17,125,41,50,87,0,31,116,23"/><V67/><F135/><W120/><G116/><T47/><D115/><U56/><E109/><V111/><F130/><W34/><G120/><T121/><D121/><U57/><E123/><V40/><F67/><W21/><G66/><T36/><D35/><U65/><E112/><V114/><F114/><W33/><G100/><T51/><D78/><U68/><E68/><V132/><F132/><W117/><G117/><T69/><D69/><U93/><E105/><V60/><F60/><W119/><G125/><T16/><D7/><U43/><E127/><V5/><F111/><W92/><G0/><T38/><D2/><U70/><E43/><V15/><F82/><W58/><G79/><T28/><D128/><U89/><E77/><V42/><F74/><W110/><G41/><T22/><D47/><U102/><E13/><V86/><F1/><W55/><G21/><T113/><D113/><U54/><E70/><V4/><F80/><W122/><G110/><T45/><D45/><U134/><E134/><V10/><F10/><W48/><G48/><T19/><D28/><U8/><E8/><V90/><F42/><W3/><G3/><T133/><D133/><U96/><E65/><V6/><F6/><W37/><G37/><T118/><D118/><U124/><E124/><V64/><F64/><W44/><G44/><T106/><D106/><N who="1" m="63839" /><E89/><V95/><REACH who="2" step="1"/><F104/><REACH who="2" ten="195,264,256,275" step="2"/><W14/><G122/><T85/><D61/><U63/><E63/><V107/><F107/><W103/><G119/><T29/><D94/><U18/><E18/><V73/><F73/><W76/><G17/><T81/><D19/><RYUUKYOKU ba="0,1" sc="195,-15,264,15,256,15,275,-15" hai1="24,26,52,53,54,56,57,88,93,96" hai2="4,5,9,11,12,15,40,46,84,86,90,95,97" /><INIT seed="6,1,1,3,3,6" ten="180,279,271,260" oya="2" hai0="26,133,45,69,17,116,83,74,106,18,127,39,108" hai1="72,53,65,32,21,123,125,90,9,2,92,103,102" hai2="82,38,77,52,20,16,19,64,100,13,131,89,107" hai3="95,12,70,119,0,84,35,86,122,42,118,58,99"/><V5/><F38/><W134/><G122/><T54/><D133/><U10/><E32/><V129/><F64/><W112/><G70/><T7/><D108/><U96/><E72/><V1/><F107/><W126/><G0/><T81/><D127/><U31/><E2/><V93/><F100/><N who="1" m="38441" /><E125/><V36/><F36/><W28/><G126/><T79/><D116/><U62/><E65/><V14/><F5/><W33/><G42/><T73/><D106/><U50/><E62/><V29/><F29/><W43/><G43/><T98/><D98/><U23/><E123/><V30/><F30/><W104/><G104/><T56/><D69/><U97/><E97/><V115/><F1/><W121/><G121/><T59/><D45/><N who="1" m="27855" /><E23/><V80/><F115/><W76/><G112/><T24/><D7/><U130/><E130/><N who="2" m="49675" /><F52/><W47/><G33/><T34/><D39/><U4/><E4/><V60/><F60/><W128/><G128/><T15/><D54/><U66/><E66/><V101/><F101/><W22/><G35/><T124/><D34/><U85/><E96/><N who="2" m="57391" /><F77/><W111/><G76/><T120/><D79/><U117/><E117/><V94/><F94/><W49/><G95/><T91/><D124/><U71/><E71/><V41/><F41/><W55/><G118/><T114/><D114/><U8/><E31/><V135/><F135/><W109/><G134/><T63/><D63/><U57/><E57/><V3/><F3/><W78/><G119/><T87/><D120/><U44/><E44/><V11/><AGARI ba="1,1" hai="11,13,14,16,19,20,80,82" m="57391,49675" machi="11" ten="30,6000,0" yaku="19,1,52,1,54,1" doraHai="6" who="2" fromWho="2" sc="180,-21,279,-21,271,73,260,-21" /><INIT seed="6,2,0,3,3,7" ten="159,258,344,239" oya="2" hai0="44,75,64,56,112,41,81,79,85,115,2,91,22" hai1="123,131,120,125,89,133,4,97,84,121,63,129,118" hai2="122,35,134,90,67,101,43,26,70,93,132,33,105" hai3="47,126,119,15,11,68,104,31,53,128,108,135,74"/><V50/><F122/><W114/><RYUUKYOKU type="yao9" ba="2,0" sc="159,0,258,0,344,0,239,0" hai3="11,15,31,47,53,68,74,104,108,114,119,126,128,135" /><INIT seed="6,3,0,5,4,117" ten="159,258,344,239" oya="2" hai0="125,16,106,103,34,71,97,35,18,104,21,101,56" hai1="17,82,76,3,86,78,126,75,65,99,131,58,120" hai2="20,109,10,118,94,79,123,89,74,52,119,135,36" hai3="72,90,129,127,6,62,30,31,54,12,38,59,96"/><V33/><F33/><W110/><G110/><T77/><D125/><U92/><E3/><V43/><F109/><W100/><G129/><T13/><D77/><U116/><E116/><V80/><F135/><W91/><G72/><T42/><D71/><U26/><E131/><V14/><F123/><W4/><G38/><T85/><D85/><U1/><E1/><V50/><F20/><W124/><G30/><T112/><D112/><U23/><E126/><N who="3" m="48170" /><G31/><T102/><D42/><U37/><E37/><V27/><F27/><W61/><G61/><T121/><D56/><U93/><E120/><V29/><F29/><W8/><G6/><T66/><D66/><U47/><E47/><V98/><F43/><W95/><AGARI ba="3,0" hai="4,8,12,54,59,62,90,91,95,96,100" m="48170" machi="95" ten="30,1100,0" yaku="18,1" doraHai="117" who="3" fromWho="3" sc="159,-6,258,-6,344,-8,239,20" /><INIT seed="7,0,0,0,5,21" ten="153,252,336,259" oya="3" hai0="27,125,49,128,126,26,11,9,19,70,108,68,88" hai1="22,62,63,36,102,74,134,16,33,123,81,92,116" hai2="106,114,0,38,101,7,10,105,44,67,113,122,97" hai3="51,6,40,24,111,127,50,5,61,28,46,91,29"/><W82/><G127/><N who="0" m="48651" /><D108/><U57/><E123/><V39/><F122/><W131/><G111/><T2/><D128/><U37/><E33/><V107/><F67/><W3/><G3/><T17/><D49/><U119/><E134/><V60/><F60/><W95/><G82/><T109/><D109/><U89/><E102/><V124/><F124/><W23/><G131/><T25/><D88/><U112/><E81/><V83/><F83/><W13/><G61/><T52/><D52/><N who="1" m="34087" /><E63/><V76/><F76/><W45/><G29/><T100/><D100/><U65/><E74/><V78/><F78/><W66/><G13/><T53/><D53/><U75/><E75/><V58/><F58/><W35/><G35/><T120/><D120/><U1/><E65/><V86/><F86/><W72/><G72/><T94/><D94/><U79/><E79/><V99/><F99/><W31/><G31/><T48/><D48/><U8/><E37/><N who="2" m="13835" /><F44/><W80/><G80/><T93/><D93/><U118/><E36/><V18/><F18/><N who="0" m="6666" /><D2/><U43/><E43/><V4/><F4/><W110/><G66/><T14/><D14/><N who="1" m="9495" /><E89/><V117/><F117/><W133/><G110/><T42/><D42/><U96/><E92/><V59/><F59/><W34/><G95/><T55/><D55/><U54/><E54/><V98/><F98/><W41/><G91/><T103/><D103/><U135/><E96/><V64/><F64/><W32/><G32/><T90/><D90/><U30/><E1/><V85/><F85/><W77/><G34/><T132/><D132/><U12/><E135/><V104/><AGARI ba="0,0" hai="0,7,10,97,101,104,105,106,107,113,114" m="13835" machi="104" ten="40,2700,0" yaku="5,1,23,1" doraHai="21" who="2" fromWho="2" sc="153,-7,252,-7,336,27,259,-13" owari="146,-35.4,245,-15.5,363,46.3,246,4.6" /></mjloggm>