<mjloggm ver="2.3"><GO type="169" lobby="0"/><UN n0="%52%65%63%61%6C%74%71" n1="%E3%81%8B%E3%81%A5%E3%81%8D%EF%BC%B8%EF%BC%A9" n2="%E3%83%90%E3%83%AA%E3%83%88%E3%83%B3" n3="%E3%80%90%E7%BD%AA%E6%AD%8C%E3%80%91" dan="16,17,17,18" rate="2081.42,2193.90,2266.58,2274.17" sx="M,M,M,M"/><TAIKYOKU oya="0"/><INIT seed="0,0,0,0,3,64" ten="250,250,250,250" oya="0" hai0="106,93,105,80,115,125,40,23,75,86,0,49,52" hai1="124,30,134,68,114,25,121,10,42,48,9,123,109" hai2="53,36,46,119,51,3,107,131,47,117,55,12,26" hai3="21,110,100,38,113,103,135,5,50,98,116,2,67"/><T16/><D115/><U32/><E109/><V66/><F3/><W54/><G113/><T126/><D0/><U82/><E124/><N who="0" m="47721" /><D75/><U70/><E134/><V69/><F107/><W44/><G110/><T18/><D40/><U87/><E114/><V99/><F99/><W22/><G135/><T28/><D93/><U33/><E33/><V130/><F12/><W101/><G116/><N who="2" m="44617" /><F26/><W88/><G38/><T60/><D60/><U27/><E27/><V90/><F90/><W77/><G77/><N who="0" m="46351" /><D28/><U127/><E127/><V97/><F97/><W95/><REACH who="3" step="1"/><G67/><REACH who="3" ten="250,250,250,240" step="2"/><T85/><D85/><U24/><E30/><V1/><F36/><W43/><G43/><T89/><D89/><U108/><E42/><V35/><F35/><W73/><G73/><T128/><D128/><N who="2" m="49194" /><F1/><W8/><AGARI ba="0,1" hai="2,5,8,21,22,44,50,54,88,95,98,100,101,103" machi="8" ten="30,4000,0" yaku="1,1,0,1,54,1,53,0" doraHai="64" doraHaiUra="133" who="3" fromWho="3" sc="250,-20,250,-10,250,-10,240,50" /><INIT seed="1,0,0,0,0,75" ten="230,240,240,290" oya="1" hai0="105,5,88,91,122,68,41,100,46,21,89,127,125" hai1="130,66,3,81,26,129,131,61,11,57,40,132,18" hai2="85,9,133,117,87,60,50,109,36,72,98,47,67" hai3="123,54,7,58,108,25,128,56,19,73,55,12,78"/><U124/><E132/><V49/><F72/><W59/><G108/><T103/><D122/><U126/><E40/><V94/><F36/><W65/><G128/><T34/><D68/><U71/><E57/><V37/><F37/><W114/><G114/><T4/><D34/><U20/><E81/><V104/><F104/><W45/><G123/><T38/><D21/><U31/><REACH who="1" step="1"/><E18/><REACH who="1" ten="230,230,240,290" step="2"/><V51/><F133/><W121/><G56/><T6/><REACH who="0" step="1"/><D105/><REACH who="0" ten="220,230,240,290" step="2"/><U69/><E69/><V1/><F109/><W120/><G120/><T13/><D13/><U39/><E39/><V110/><F110/><W30/><G12/><T16/><D16/><U35/><E35/><V14/><F14/><W79/><G19/><T0/><D0/><U42/><E42/><V86/><F1/><W29/><G121/><T64/><D64/><U97/><E97/><V15/><F15/><W77/><G65/><T102/><AGARI ba="0,2" hai="4,5,6,38,41,46,88,89,91,100,102,103,125,127" machi="102" ten="40,8000,1" yaku="1,1,0,1,29,2,54,1,53,0" doraHai="75" doraHaiUra="119" who="0" fromWho="0" sc="220,100,230,-40,240,-20,290,-20" /><INIT seed="2,0,0,4,0,66" ten="320,190,220,270" oya="2" hai0="115,121,36,132,7,46,17,48,61,95,62,135,111" hai1="13,85,44,107,31,133,8,101,38,98,63,127,19" hai2="125,86,59,45,26,56,94,34,130,126,16,72,93" hai3="54,3,100,50,108,74,80,90,60,77,51,103,79"/><V24/><F72/><W9/><G108/><T118/><D36/><U134/><E127/><N who="2" m="48651" /><F130/><W14/><G3/><T65/><D111/><U84/><E31/><N who="2" m="19815" /><F45/><W71/><G77/><T6/><D121/><U131/><E131/><V76/><F94/><W91/><G50/><T4/><D115/><U20/><E63/><V69/><F69/><W122/><G122/><T5/><N who="0" m="1024" /><DORA hai="96" /><T29/><D29/><U41/><REACH who="1" step="1"/><E8/><REACH who="1" ten="320,180,220,270" step="2"/><V42/><F42/><W35/><G60/><T73/><D62/><U57/><E57/><V23/><F76/><W32/><G9/><T55/><D118/><U10/><E10/><V117/><F117/><W27/><G79/><T52/><D61/><U58/><E58/><V47/><F47/><W33/><G33/><T124/><D124/><U37/><E37/><V99/><F86/><AGARI ba="0,1" hai="13,19,20,38,41,44,84,85,86,98,101,107,133,134" machi="86" ten="40,5200,0" yaku="1,1,52,1,53,1" doraHai="66,96" doraHaiUra="120,18" who="1" fromWho="2" sc="320,0,180,62,220,-52,270,0" /><INIT seed="3,0,0,2,5,102" ten="320,242,168,270" oya="3" hai0="7,84,62,71,123,103,0,25,40,100,58,33,21" hai1="17,109,63,61,112,38,79,9,80,52,1,51,11" hai2="106,127,107,23,37,94,122,77,93,85,124,31,28" hai3="75,4,48,32,47,6,49,35,8,90,53,3,126"/><W27/><G126/><N who="2" m="48169" /><F37/><W83/><G6/><T14/><D71/><U72/><E109/><V18/><F94/><W60/><G60/><T108/><D123/><U134/><E38/><V29/><F122/><W73/><G73/><T68/><D68/><U105/><E112/><V132/><F132/><W36/><G49/><T46/><D0/><U97/><E134/><V128/><F128/><W59/><G27/><T121/><D33/><U42/><E42/><V74/><F74/><W10/><G8/><T133/><D108/><U131/><E131/><V130/><F130/><W45/><G45/><T64/><D133/><U44/><E11/><V66/><F66/><W88/><G35/><T76/><D14/><U113/><E113/><V114/><F114/><W104/><G104/><N who="2" m="39977" /><F93/><W95/><G95/><T16/><D7/><U26/><E1/><V91/><F91/><W5/><G90/><T54/><D64/><U110/><E110/><V135/><F135/><W20/><G5/><T67/><D67/><U69/><E69/><V41/><F41/><N who="3" m="22951" /><G88/><T81/><D121/><U115/><E115/><V82/><F28/><W13/><G83/><T92/><D92/><U87/><E72/><V39/><F39/><AGARI ba="0,0" hai="16,21,25,39,40,46,54,58,62,76,81,84,100,103" machi="39" ten="30,2000,0" yaku="7,1,54,1" doraHai="102" who="0" fromWho="2" sc="320,20,242,0,168,-20,270,0" /><INIT seed="4,0,0,0,1,68" ten="340,242,148,270" oya="0" hai0="62,7,114,106,23,80,1,59,101,6,63,44,46" hai1="25,36,112,0,128,34,78,64,135,52,115,3,31" hai2="76,50,22,69,111,5,73,118,65,71,14,39,70" hai3="93,94,17,120,53,90,127,85,116,42,125,58,61"/><T79/><D114/><N who="1" m="43563" /><E128/><V40/><F111/><W81/><G116/><T33/><D33/><U67/><E135/><V10/><F50/><W83/><G120/><T66/><D62/><U97/><E78/><V11/><F118/><W60/><G42/><T126/><D126/><N who="3" m="48137" /><G17/><T51/><D46/><U99/><E36/><V29/><F11/><W130/><G130/><T105/><D101/><U74/><E74/><V77/><F65/><N who="1" m="25161" /><E52/><V122/><F122/><W57/><G83/><T48/><D48/><U119/><E119/><V43/><F73/><W124/><G124/><T91/><D91/><U134/><E134/><V88/><F43/><W107/><G107/><T12/><D51/><U38/><E38/><V28/><F88/><W102/><G102/><T100/><D44/><U98/><AGARI ba="0,0" hai="0,3,25,31,34,97,98,99" m="25161,43563" machi="98" ten="40,2700,0" yaku="15,1,11,1" doraHai="68" who="1" fromWho="1" sc="340,-13,242,27,148,-7,270,-7" /><INIT seed="5,0,0,4,2,112" ten="327,269,141,263" oya="1" hai0="54,65,120,132,130,8,98,19,107,70,88,69,9" hai1="101,48,67,21,90,53,108,77,50,71,124,40,59" hai2="52,111,10,135,128,2,87,86,11,79,73,24,82" hai3="105,104,7,35,134,96,25,89,55,13,14,66,68"/><U56/><E101/><V20/><F111/><W22/><G35/><T60/><D120/><U102/><E102/><V126/><F126/><W51/><G134/><T114/><D114/><U94/><E77/><V29/><F128/><W41/><G41/><T39/><D130/><U119/><E124/><V18/><F135/><W110/><G110/><T91/><D39/><U15/><E71/><V45/><F2/><W129/><G129/><T33/><D69/><U58/><E119/><V122/><F122/><W17/><G68/><T115/><D115/><U121/><E121/><V61/><F73/><W103/><G66/><T83/><D54/><U47/><E67/><V49/><F86/><W131/><G105/><T92/><D107/><U30/><E108/><V1/><F1/><W133/><G7/><T23/><D33/><U31/><E31/><V85/><F87/><W27/><G133/><T106/><D106/><U93/><E93/><V127/><F127/><W5/><G89/><T16/><D19/><N who="1" m="10495" /><E30/><V116/><F116/><W109/><G109/><T84/><D132/><U12/><E12/><AGARI ba="0,0" hai="8,9,12,16,23,60,65,70,83,84,88,91,92,98" machi="12" ten="30,3900,0" yaku="7,1,54,2" doraHai="112" who="0" fromWho="1" sc="327,39,269,-39,141,0,263,0" /><INIT seed="6,0,0,2,0,115" ten="366,230,141,263" oya="2" hai0="128,129,110,116,135,66,55,132,28,126,69,17,54" hai1="102,92,64,22,75,42,10,81,38,96,89,44,43" hai2="19,49,25,127,84,1,76,36,72,13,50,4,16" hai3="68,41,103,134,59,47,104,73,14,107,124,26,33"/><V108/><F36/><W32/><G59/><T71/><D28/><U91/><E64/><V57/><F1/><W37/><G14/><T131/><D110/><U67/><E67/><V100/><F72/><W119/><G134/><N who="0" m="51243" /><D116/><U82/><E42/><V85/><F127/><W114/><G124/><T79/><D79/><U133/><E133/><V18/><F108/><W74/><G68/><N who="0" m="26187" /><D126/><U106/><E91/><V35/><F100/><W5/><G5/><T125/><D125/><U6/><E22/><V15/><F35/><N who="3" m="13387" /><G26/><T63/><D17/><U46/><E46/><V121/><F121/><W109/><G109/><T77/><D77/><U60/><E60/><V122/><F122/><W80/><G80/><T87/><D87/><N who="2" m="33354" /><F76/><W123/><G123/><T31/><D31/><U95/><E75/><N who="3" m="28682" /><G114/><T78/><D78/><U20/><E95/><V12/><F25/><W99/><G107/><T118/><D118/><AGARI ba="0,0" hai="37,41,47,99,103,104,118,119" m="28682,13387" machi="118" ten="30,3900,0" yaku="23,1,52,2" doraHai="115" who="3" fromWho="0" sc="366,-39,230,0,141,0,263,39" /><INIT seed="7,0,0,0,3,39" ten="327,230,141,302" oya="3" hai0="43,76,125,30,23,103,99,7,102,126,33,71,62" hai1="67,68,16,107,2,55,134,87,8,12,41,80,26" hai2="81,112,72,114,15,130,91,60,22,123,132,20,119" hai3="11,27,117,82,28,84,90,120,78,88,70,35,83"/><W58/><G70/><T106/><D103/><U0/><E107/><V118/><F60/><W128/><G117/><T93/><D76/><U127/><E55/><V69/><F69/><W29/><G128/><T94/><D43/><U14/><E134/><V61/><F61/><W96/><G120/><T31/><D23/><U100/><E100/><V74/><F15/><W42/><G29/><T18/><D18/><U3/><E26/><V50/><F50/><W92/><G42/><T9/><D94/><U111/><E111/><V97/><F20/><W95/><G58/><T116/><D93/><U65/><E68/><V105/><F22/><W40/><G40/><T46/><D46/><U85/><E127/><N who="0" m="48649" /><D33/><U53/><E53/><V52/><F52/><W63/><G63/><T38/><D38/><U122/><E122/><V49/><F49/><W101/><G83/><T129/><D129/><U89/><E87/><N who="2" m="50671" /><F123/><W66/><G66/><N who="0" m="41431" /><D116/><N who="2" m="44586" /><F130/><W17/><G95/><T13/><AGARI ba="0,0" hai="7,9,13,30,31,99,102,106" m="41431,48649" machi="13" ten="30,1100,0" yaku="18,1" doraHai="39" who="0" fromWho="0" sc="327,11,230,-3,141,-3,302,-5" owari="338,43.8,227,-17.3,138,-36.2,297,9.7" /></mjloggm>