<mjloggm ver="2.3"><GO type="169" lobby="0"/><UN n0="%E7%B7%8B%E7%82%89%E3%82%BF%E3%83%AD%E3%82%A6" n1="%E6%88%91%E6%85%A2%E3%81%A1%E3%82%83%E3%82%93%E3%80%82" n2="%E6%84%9A%E5%85%84%E3%81%8C%E6%84%9A%E5%BD%A2" n3="%61%73%61%64%61%31%32" dan="16,16,17,16" rate="2098.37,2100.36,2151.93,2137.14" sx="M,M,M,M"/><TAIKYOKU oya="0"/><INIT seed="0,0,0,1,1,27" ten="250,250,250,250" oya="0" hai0="86,82,41,48,71,34,20,50,102,103,49,97,79" hai1="115,26,70,63,67,110,30,88,89,45,62,127,133" hai2="51,92,6,78,3,119,65,109,122,93,118,117,5" hai3="61,64,33,126,19,42,72,25,60,39,91,37,129"/><T16/><D34/><U10/><E110/><V74/><F122/><W46/><G72/><T125/><D71/><U81/><E133/><V7/><F3/><W90/><G129/><T94/><D125/><U124/><E115/><V75/><F65/><W17/><G126/><N who="1" m="48170" /><E81/><V104/><F104/><W18/><G39/><T116/><D116/><U69/><E45/><V100/><F109/><W36/><G37/><T85/><D85/><U66/><E10/><V56/><F78/><W24/><G61/><T44/><REACH who="0" step="1"/><D102/><REACH who="0" ten="240,250,250,250" step="2"/><U135/><E135/><V68/><F68/><W112/><G112/><T73/><D73/><N who="2" m="27658" /><F100/><W101/><G101/><T99/><D99/><U22/><AGARI ba="0,1" hai="22,26,30,62,63,66,67,69,70,88,89" m="48170" machi="22" ten="30,4000,0" yaku="18,1,52,1,54,1" doraHai="27" who="1" fromWho="1" sc="240,-20,250,50,250,-10,250,-10" /><INIT seed="1,0,0,2,5,37" ten="220,300,240,240" oya="1" hai0="126,27,125,98,34,86,92,81,5,78,131,91,72" hai1="114,33,38,106,79,15,110,83,40,17,42,113,22" hai2="16,19,14,36,128,119,117,21,13,124,88,89,46" hai3="43,18,73,130,55,45,116,44,102,127,96,109,133"/><U23/><E33/><V35/><F35/><W115/><G73/><T129/><D27/><U65/><E106/><V118/><F128/><N who="0" m="49226" /><D5/><U29/><E65/><V0/><F0/><W75/><G75/><T69/><D69/><U121/><E121/><V41/><REACH who="2" step="1"/><F124/><REACH who="2" ten="220,300,230,240" step="2"/><N who="0" m="47722" /><D34/><U105/><E114/><V76/><F76/><W58/><G115/><T9/><D9/><AGARI ba="0,1" hai="9,13,14,16,19,21,36,41,46,88,89,117,118,119" machi="9" ten="40,8000,1" yaku="1,1,52,1,54,2,53,0" doraHai="37" doraHaiUra="93" who="2" fromWho="0" sc="220,-80,300,0,230,90,240,0" /><INIT seed="2,0,0,1,5,89" ten="140,300,320,240" oya="2" hai0="37,129,88,27,9,39,30,119,98,133,115,41,1" hai1="122,134,29,81,38,93,17,90,40,3,105,57,107" hai2="131,103,78,109,80,8,13,48,60,71,101,128,47" hai3="45,55,95,58,111,51,69,53,35,66,135,6,102"/><V79/><F71/><W120/><G120/><T2/><D115/><U118/><E3/><V42/><F60/><W10/><G35/><T43/><D129/><N who="2" m="49738" /><F109/><W24/><G135/><T61/><D133/><U76/><E29/><V125/><F125/><W84/><G111/><T73/><D73/><U5/><E5/><N who="2" m="3215" /><F79/><W50/><G24/><T54/><D119/><U127/><E76/><V31/><F31/><W91/><G69/><T62/><D30/><U87/><E118/><V110/><F110/><W83/><G66/><T56/><D27/><U28/><E28/><V108/><F108/><W20/><G20/><T36/><D61/><U112/><E127/><V70/><F70/><W94/><REACH who="3" step="1"/><G102/><REACH who="3" ten="140,300,320,230" step="2"/><T106/><D9/><U77/><E134/><V34/><F34/><W19/><G19/><T99/><D1/><AGARI ba="0,1" hai="1,6,10,45,50,51,53,55,58,83,84,91,94,95" machi="1" ten="30,7700,0" yaku="1,1,7,1,52,2,53,0" doraHai="89" doraHaiUra="14" who="3" fromWho="0" sc="140,-77,300,0,320,0,230,87" /><INIT seed="3,0,0,2,5,83" ten="63,300,320,317" oya="3" hai0="13,77,55,16,116,110,54,14,41,125,17,8,88" hai1="130,25,95,105,4,98,45,109,120,15,35,30,50" hai2="28,68,3,58,96,81,100,7,124,106,2,11,61" hai3="90,36,23,40,134,18,62,104,0,132,56,37,72"/><W52/><G0/><T127/><D41/><U101/><E109/><V80/><F68/><W46/><G72/><T63/><D116/><U34/><E130/><V111/><F111/><W115/><G104/><T73/><D110/><U82/><E120/><V29/><F2/><W107/><G107/><T118/><D118/><U42/><E105/><V75/><F124/><N who="0" m="47690" /><D73/><U32/><E4/><V135/><F135/><N who="3" m="51755" /><G115/><T22/><D77/><U43/><E15/><V117/><F117/><W51/><G90/><T66/><D66/><U121/><E121/><V53/><F75/><W57/><G23/><T71/><D71/><U5/><E5/><V94/><F106/><W79/><G18/><T114/><D114/><U92/><E92/><V119/><F119/><W76/><G76/><T65/><D65/><U102/><E102/><V89/><F100/><W24/><G24/><T27/><D63/><U59/><E42/><V19/><F19/><W20/><G79/><T122/><D122/><U44/><E44/><V108/><F108/><W31/><G31/><T123/><D123/><U9/><E9/><V70/><F28/><W128/><G20/><T99/><D14/><U91/><REACH who="1" step="1"/><E59/><REACH who="1" ten="63,290,320,317" step="2"/><N who="3" m="22602" /><G128/><T64/><D64/><U12/><E12/><V85/><F11/><W10/><G10/><T60/><D60/><U74/><E74/><V112/><F7/><W97/><G62/><T48/><D48/><U84/><AGARI ba="0,1" hai="25,30,32,34,35,43,45,50,82,84,91,95,98,101" machi="84" ten="30,7900,0" yaku="1,1,0,1,52,1,53,1" doraHai="83" doraHaiUra="47" who="1" fromWho="1" sc="63,-20,290,89,320,-20,317,-39" /><INIT seed="4,0,0,1,1,96" ten="43,379,300,278" oya="0" hai0="22,56,15,49,132,92,89,2,90,16,106,51,13" hai1="1,45,44,116,8,12,46,105,54,4,120,64,41" hai2="62,113,34,80,95,31,73,66,94,39,9,110,59" hai3="81,57,67,107,91,75,87,119,101,53,63,14,84"/><T55/><D2/><U114/><E116/><V97/><F110/><W104/><G119/><T48/><D106/><U17/><E120/><V83/><F39/><W21/><G75/><T82/><D132/><U29/><E105/><V35/><F94/><W79/><G104/><T61/><D82/><U18/><E64/><V78/><F113/><W74/><G87/><T25/><REACH who="0" step="1"/><D89/><REACH who="0" ten="33,379,300,278" step="2"/><U117/><E1/><V103/><F80/><W70/><G91/><T10/><D10/><U68/><E8/><V125/><F9/><W58/><G107/><T77/><D77/><U100/><E117/><V134/><F134/><W19/><G74/><T109/><D109/><U135/><E135/><V123/><F83/><W98/><G81/><T20/><D20/><U42/><E114/><V71/><F78/><W122/><G79/><T115/><D115/><U108/><E108/><V124/><F73/><W38/><G21/><T72/><D72/><U133/><E133/><V102/><F35/><W128/><G122/><T93/><D93/><U126/><E126/><V28/><F34/><W131/><G131/><T85/><AGARI ba="0,1" hai="13,15,16,22,25,48,49,51,55,56,61,85,90,92" machi="85" ten="30,11700,0" yaku="1,1,0,1,8,1,54,1,53,0" doraHai="96" doraHaiUra="129" who="0" fromWho="0" sc="33,127,379,-39,300,-39,278,-39" /><INIT seed="4,1,0,5,3,117" ten="160,340,261,239" oya="0" hai0="80,46,124,55,33,109,5,13,120,15,23,106,1" hai1="32,74,58,135,60,22,2,116,45,24,57,131,48" hai2="82,134,31,0,50,29,130,78,121,26,44,18,91" hai3="96,85,68,102,9,70,128,103,90,53,10,123,126"/><T16/><D106/><U51/><E74/><V133/><F0/><W6/><G126/><T73/><D124/><U98/><E2/><V54/><F130/><W76/><G128/><T113/><D33/><U110/><E32/><V28/><F91/><W17/><G76/><T115/><D109/><U100/><E135/><N who="2" m="51723" /><F18/><W65/><G65/><T3/><D120/><U66/><E116/><V61/><F61/><W99/><G17/><T62/><D73/><U105/><E131/><V88/><F88/><W72/><G90/><T86/><D46/><U56/><E110/><V71/><F71/><W14/><G72/><T11/><D55/><U47/><E48/><V69/><F69/><W108/><G53/><T25/><D62/><U114/><E114/><N who="0" m="43529" /><D1/><U83/><E83/><V112/><F121/><W27/><G108/><T63/><D63/><U52/><REACH who="1" step="1"/><E45/><REACH who="1" ten="160,330,261,239" step="2"/><V42/><F112/><W34/><G34/><T101/><D101/><U39/><E39/><V118/><F118/><W59/><G103/><T122/><D122/><U4/><E4/><V77/><F44/><W43/><G102/><T67/><D67/><U36/><E36/><V95/><F50/><W64/><G64/><T125/><D125/><U104/><E104/><V107/><F107/><W20/><G123/><T35/><D35/><U12/><E12/><V129/><F129/><W79/><G14/><T40/><D40/><U75/><E75/><V41/><F41/><W38/><G43/><T21/><D21/><U81/><E81/><V89/><F42/><W132/><G132/><T7/><D7/><U92/><E92/><RYUUKYOKU ba="1,1" sc="160,15,330,15,261,-15,239,-15" hai0="3,5,11,13,15,16,23,25,80,86" hai1="22,24,47,51,52,56,57,58,60,66,98,100,105" /><INIT seed="4,2,1,3,1,124" ten="175,345,246,224" oya="0" hai0="8,96,3,128,105,97,59,86,42,125,45,28,114" hai1="91,67,69,101,1,66,92,129,89,7,19,122,9" hai2="133,62,50,55,43,17,49,14,123,90,27,103,68" hai3="60,52,93,88,24,115,102,32,10,131,37,0,84"/><T109/><D28/><U16/><E122/><V2/><F2/><W110/><G115/><T70/><D70/><U38/><E38/><V31/><F133/><W64/><G37/><T36/><D114/><U4/><E101/><V12/><F103/><W81/><G110/><T74/><D74/><U23/><E7/><V99/><F43/><W5/><G131/><T71/><D71/><U56/><E129/><V111/><F14/><W11/><G64/><T75/><D75/><U132/><E67/><V57/><F68/><W94/><G102/><T47/><D47/><U82/><E69/><V134/><F111/><W46/><G11/><T72/><D72/><U121/><E132/><V25/><F123/><W44/><G46/><T33/><D33/><U113/><E23/><V22/><F27/><W85/><G84/><T29/><D105/><U104/><E104/><V107/><F134/><W35/><G35/><T21/><D125/><U48/><E121/><V76/><F76/><W58/><REACH who="3" step="1"/><G44/><REACH who="3" ten="175,345,246,214" step="2"/><T83/><D109/><U118/><E66/><V63/><F107/><W39/><G39/><T79/><D128/><U30/><E9/><V106/><F106/><W20/><G20/><T40/><D40/><U6/><E113/><V26/><F22/><W80/><G80/><T15/><D29/><AGARI ba="2,2" hai="0,5,10,24,29,32,52,58,60,81,85,88,93,94" machi="29" ten="40,5200,0" yaku="1,1,54,2,53,0" doraHai="124" doraHaiUra="135" who="3" fromWho="0" sc="175,-58,345,0,246,0,214,78" /><INIT seed="5,0,0,3,3,124" ten="117,345,246,292" oya="1" hai0="44,24,108,18,25,89,107,42,115,9,43,105,106" hai1="45,52,39,36,130,21,70,88,22,56,28,103,48" hai2="92,4,10,38,121,96,46,63,127,11,133,111,95" hai3="114,2,91,57,65,84,120,94,1,34,53,50,17"/><U64/><E103/><V68/><F111/><W30/><G120/><T12/><D108/><U86/><E28/><V60/><F133/><W49/><G114/><T123/><D115/><U76/><E76/><V71/><F127/><W97/><G65/><T85/><D123/><U82/><E130/><V83/><F83/><W125/><G30/><T33/><D33/><U102/><E102/><V6/><F46/><W37/><G37/><T27/><REACH who="0" step="1"/><D44/><REACH who="0" ten="107,345,246,292" step="2"/><U13/><E45/><V132/><F121/><W32/><G34/><T110/><D110/><U101/><E36/><V128/><F38/><W16/><G32/><T113/><D113/><U69/><E39/><V55/><F132/><W62/><G125/><T122/><D122/><U112/><E112/><V26/><F68/><W59/><G57/><T41/><D41/><U5/><E56/><V3/><F71/><W67/><G1/><T135/><D135/><U118/><E69/><V54/><F3/><W58/><G2/><T80/><AGARI ba="0,1" hai="9,12,18,24,25,27,42,43,80,85,89,105,106,107" machi="80" ten="40,2700,0" yaku="1,1,0,1,53,0" doraHai="124" doraHaiUra="99" who="0" fromWho="0" sc="107,37,345,-13,246,-7,292,-7" /><INIT seed="6,0,0,0,5,119" ten="144,332,239,285" oya="2" hai0="12,44,43,32,84,26,9,99,27,131,73,47,94" hai1="50,25,0,61,76,108,65,35,74,48,19,46,40" hai2="18,55,103,90,78,109,4,53,24,7,112,20,89" hai3="34,122,121,83,45,58,127,52,134,62,59,42,38"/><V115/><F78/><W81/><G34/><T101/><D73/><U133/><E0/><V67/><F67/><N who="3" m="39383" /><G83/><T102/><D32/><U75/><E133/><V120/><F103/><W63/><G81/><T97/><D84/><U87/><E87/><V123/><F109/><W13/><G13/><T98/><D131/><U36/><E108/><V2/><F2/><W39/><G127/><T51/><D44/><U60/><E60/><V100/><F100/><W135/><G38/><T88/><D97/><U116/><E116/><V57/><F4/><W8/><G8/><T114/><D114/><N who="2" m="43562" /><F7/><W30/><G30/><T54/><D43/><U117/><E117/><V107/><F107/><W129/><G129/><T80/><D101/><U126/><E126/><V110/><F110/><W95/><G95/><T93/><REACH who="0" step="1"/><D80/><REACH who="0" ten="134,332,239,285" step="2"/><U86/><E86/><V22/><F89/><W130/><G130/><T106/><D106/><U16/><E35/><V69/><F90/><W17/><G17/><AGARI ba="0,1" hai="9,12,17,26,27,47,51,54,88,93,94,98,99,102" machi="17" ten="30,7700,0" yaku="1,1,7,1,8,1,54,1,53,0" doraHai="119" doraHaiUra="37" who="0" fromWho="3" sc="134,87,332,0,239,0,285,-77" /><INIT seed="7,0,0,1,3,99" ten="221,332,239,208" oya="3" hai0="131,25,113,121,24,75,54,112,34,95,35,28,8" hai1="50,9,100,120,87,129,29,51,0,62,102,118,83" hai2="43,109,82,66,6,103,36,21,86,14,115,15,110" hai3="2,56,78,47,70,44,77,108,22,49,117,37,58"/><W3/><G70/><T135/><D75/><U80/><E120/><V84/><F66/><W96/><G117/><T26/><D121/><U4/><E129/><V67/><F67/><W69/><G69/><T57/><D131/><U81/><E87/><V38/><F115/><N who="0" m="44106" /><D135/><U127/><E127/><V19/><F86/><W132/><G132/><T119/><D119/><U123/><E29/><V61/><F61/><W98/><G49/><N who="0" m="30927" /><D95/><U7/><E62/><V60/><F60/><W20/><REACH who="3" step="1"/><G37/><REACH who="3" ten="221,332,239,198" step="2"/><T68/><D68/><U31/><E50/><V10/><F36/><W104/><G104/><T52/><D52/><U94/><E51/><V107/><F38/><W27/><G27/><N who="0" m="10315" /><D8/><U32/><E9/><V17/><F10/><W46/><G46/><T41/><D41/><U133/><E133/><V23/><F43/><W124/><G124/><T76/><D76/><U125/><E125/><V105/><F105/><W55/><G55/><T85/><D85/><U126/><E126/><V88/><F107/><W53/><G53/><T16/><D28/><U48/><E31/><V1/><F84/><W45/><G45/><T92/><D92/><U40/><E94/><V91/><F82/><W11/><G11/><T42/><D42/><U111/><E48/><V90/><F1/><W71/><G71/><T65/><D65/><U134/><E40/><V59/><F59/><W63/><G63/><T106/><D106/><U93/><E0/><V122/><F122/><W72/><G72/><T89/><D34/><U74/><E32/><V30/><F30/><W128/><G128/><T64/><D64/><RYUUKYOKU ba="0,1" sc="221,-10,332,-10,239,-10,198,30" hai3="2,3,20,22,44,47,56,58,77,78,96,98,108" /><INIT seed="7,1,1,5,5,102" ten="211,322,229,228" oya="3" hai0="79,1,56,75,3,40,23,134,59,111,89,107,48" hai1="61,105,28,71,7,41,15,92,112,133,68,67,98" hai2="91,62,122,16,99,94,127,24,113,55,58,84,82" hai3="70,49,53,63,64,32,65,25,123,8,77,37,50"/><W73/><G123/><T6/><D111/><U38/><E105/><V11/><F127/><W81/><G37/><T103/><D134/><U83/><E28/><V20/><F113/><W126/><G126/><T90/><D79/><U115/><E41/><V43/><F43/><W27/><G65/><T54/><D75/><U129/><E38/><V26/><F122/><W86/><G32/><T85/><D40/><U132/><E83/><V87/><F11/><W9/><G50/><T119/><D119/><U130/><E15/><N who="2" m="9247" /><F84/><W57/><G73/><T29/><D56/><U34/><E7/><V93/><F93/><W104/><G104/><T22/><D89/><AGARI ba="1,1" hai="24,26,55,58,62,82,87,89,91,94,99" m="9247" machi="89" ten="30,2000,0" yaku="8,1,54,1" doraHai="102" who="2" fromWho="0" sc="211,-23,322,0,229,33,228,0" owari="188,-31.2,322,42.2,262,6.2,228,-17.2" /></mjloggm>