<mjloggm ver="2.3"><GO type="169" lobby="0"/><UN n0="%E3%83%93%E3%83%81%E3%83%A3%E5%B1%B1%E3%83%93%E3%83%81%E3%83%A3%E7%94%B7" n1="%E3%81%93%E3%82%8D%E3%81%86%E3%81%BE%E3%82%8B" n2="%E5%A5%88%E8%89%AF%E3%82%B7%E3%82%AB%E3%83%9E%E3%83%AB%EF%BC%81" n3="%70%6F%6B%6B%6F" dan="16,16,16,16" rate="2163.87,2120.35,2173.18,2078.52" sx="M,M,M,M"/><TAIKYOKU oya="0"/><INIT seed="0,0,0,3,5,23" ten="250,250,250,250" oya="0" hai0="6,90,60,130,101,39,43,28,110,22,33,81,0" hai1="55,106,89,123,54,88,97,75,125,10,30,13,128" hai2="86,134,7,14,41,131,108,132,1,64,112,45,38" hai3="102,104,16,113,98,122,37,34,85,107,50,24,52"/><T93/><D130/><U72/><E123/><V11/><F112/><W105/><G113/><T17/><D110/><U40/><E128/><V66/><F131/><W48/><G37/><T46/><D33/><U51/><E40/><V118/><F108/><W91/><G122/><T12/><D28/><U87/><E125/><V129/><F118/><W115/><G50/><T27/><D0/><U100/><E55/><V78/><F129/><W133/><G133/><N who="2" m="51305" /><F1/><W42/><G42/><T29/><D6/><U26/><E89/><V94/><F94/><W58/><G115/><T124/><D124/><U109/><E109/><V120/><F120/><W9/><G34/><T8/><D60/><U20/><E54/><V36/><F38/><W5/><G5/><T119/><D119/><U4/><REACH who="1" step="1"/><E51/><REACH who="1" ten="250,240,250,250" step="2"/><V79/><F79/><W82/><REACH who="3" step="1"/><G9/><REACH who="3" ten="250,240,250,240" step="2"/><T19/><D39/><U126/><E126/><V65/><F11/><W77/><G77/><T35/><D43/><U111/><E111/><V80/><F41/><W127/><G127/><T2/><D8/><U116/><E116/><V71/><F36/><W114/><G114/><T83/><D46/><U99/><E99/><V62/><F45/><W32/><G32/><T69/><D35/><U49/><E49/><V56/><F78/><W76/><G76/><T117/><D117/><U53/><E53/><V92/><F66/><W15/><G15/><T59/><D12/><U103/><E103/><V25/><F65/><W21/><AGARI ba="0,2" hai="16,21,24,48,52,58,82,85,91,98,102,104,105,107" machi="21" ten="30,12000,2" yaku="1,1,0,1,52,1,54,2,53,1" doraHai="23" doraHaiUra="95" who="3" fromWho="3" sc="250,-60,240,-30,250,-30,240,140" /><INIT seed="1,0,0,3,5,4" ten="190,210,220,380" oya="1" hai0="97,126,130,7,59,12,132,33,45,16,30,109,121" hai1="31,58,0,9,74,25,39,95,54,113,37,80,101" hai2="47,20,2,53,75,34,26,102,118,66,49,11,115" hai3="91,17,62,87,70,112,6,65,106,69,42,100,108"/><U135/><E113/><V41/><F118/><W125/><G112/><T111/><D126/><U127/><E127/><V85/><F75/><W110/><G42/><T22/><D130/><U124/><E124/><V84/><F34/><W90/><G90/><T1/><D132/><U44/><E135/><V98/><F66/><W63/><G6/><T14/><D59/><U129/><E129/><V131/><F115/><W96/><G125/><T94/><D45/><U73/><E44/><V119/><F119/><W92/><G17/><N who="0" m="10551" /><D94/><U24/><E95/><N who="2" m="58719" /><F2/><W88/><G91/><T103/><D97/><U76/><E101/><V10/><F41/><W78/><G78/><T72/><D72/><U48/><E73/><V52/><F53/><W116/><G116/><T43/><D103/><U67/><E67/><AGARI ba="0,0" hai="62,63,65,67,69,70,87,88,92,96,100,106,108,110" machi="67" ten="40,2600,0" yaku="9,1,54,1" doraHai="4" who="3" fromWho="1" sc="190,0,210,-26,220,0,380,26" /><INIT seed="2,0,0,4,2,96" ten="190,184,220,406" oya="2" hai0="44,2,39,16,6,99,9,38,21,103,79,1,80" hai1="62,54,37,104,110,48,73,57,117,118,27,58,71" hai2="95,53,36,100,45,15,22,90,108,47,75,92,81" hai3="132,91,109,84,120,55,82,107,114,94,89,3,59"/><V135/><F135/><W77/><G3/><T78/><D2/><U25/><E73/><V60/><F108/><W126/><G120/><T28/><D28/><U11/><E110/><V19/><F36/><W87/><G109/><T97/><D97/><U68/><E11/><V86/><F75/><W130/><G132/><T30/><D30/><U50/><E104/><V61/><F100/><W12/><G126/><T102/><D79/><U43/><E25/><V49/><F47/><W106/><G130/><T74/><D99/><U124/><E27/><V65/><REACH who="2" step="1"/><F61/><REACH who="2" ten="190,184,210,406" step="2"/><W133/><G133/><T41/><REACH who="0" step="1"/><D39/><REACH who="0" ten="180,184,210,406" step="2"/><U17/><E37/><V14/><F14/><AGARI ba="0,2" hai="1,6,9,14,16,21,38,41,44,74,78,80,102,103" machi="14" ten="30,16000,3" yaku="1,1,2,1,7,1,25,2,52,2,54,1,53,1" doraHai="96" doraHaiUra="35" who="0" fromWho="2" sc="180,180,184,0,210,-160,406,0" /><INIT seed="3,0,0,1,5,129" ten="360,184,50,406" oya="3" hai0="52,31,28,5,36,29,53,30,46,101,91,110,87" hai1="16,58,49,95,56,35,19,130,117,42,12,121,107" hai2="44,85,109,83,38,90,0,61,113,118,18,78,34" hai3="92,9,122,68,26,127,125,17,40,93,55,74,124"/><W104/><G104/><T103/><D110/><U71/><E121/><V13/><F0/><W25/><G74/><T131/><D131/><U2/><E71/><V106/><F109/><W15/><G68/><T135/><D135/><U21/><E35/><V47/><F113/><W32/><G122/><T6/><N who="0" m="7168" /><DORA hai="99" /><T120/><D120/><U23/><E2/><V108/><F108/><W67/><G32/><T96/><D36/><U86/><E107/><V89/><F118/><W59/><G67/><T128/><D128/><U37/><E37/><V69/><F106/><W43/><G93/><N who="0" m="58511" /><D103/><U39/><E39/><V72/><F89/><W14/><G92/><N who="0" m="54399" /><D46/><N who="1" m="25815" /><E117/><V98/><F34/><W3/><G3/><T45/><D45/><U65/><E65/><V100/><F38/><W123/><G123/><T94/><D94/><U60/><E95/><V57/><F69/><W4/><G40/><T77/><D77/><U105/><E86/><V115/><F115/><W102/><G43/><T7/><AGARI ba="0,0" hai="5,6,7,52,53" m="54399,58511,7168" machi="7" ten="50,6400,0" yaku="8,1,52,1,54,1" doraHai="129,99" who="0" fromWho="0" sc="360,64,184,-16,50,-16,406,-32" /><INIT seed="4,0,0,4,1,80" ten="424,168,34,374" oya="0" hai0="27,106,35,104,8,34,102,134,69,50,75,36,41" hai1="40,19,133,107,64,81,126,42,2,125,96,10,3" hai2="43,90,30,74,12,28,130,79,13,114,98,86,39" hai3="32,112,70,109,38,24,37,62,29,5,119,51,116"/><T23/><D134/><U53/><E64/><V7/><F114/><W89/><G109/><T11/><D36/><U128/><E81/><N who="2" m="47423" /><F74/><W4/><G112/><T78/><D69/><U9/><E107/><V6/><F39/><W58/><G38/><T97/><D104/><U88/><E133/><V135/><F43/><W77/><G37/><T68/><D68/><U60/><E40/><V14/><F135/><W45/><G77/><T120/><D120/><U111/><E42/><V63/><F130/><W132/><G70/><T99/><D99/><U25/><E2/><V101/><F101/><W118/><G132/><T85/><D75/><U49/><E3/><V117/><F117/><W0/><G0/><T93/><D34/><U61/><E128/><V56/><F98/><W94/><G51/><T48/><D35/><U46/><E111/><V83/><F28/><W71/><G45/><T122/><D122/><U113/><E113/><V92/><F30/><W33/><G71/><T67/><D67/><U105/><E105/><V72/><F83/><W31/><G31/><T1/><D1/><U20/><E126/><V65/><F72/><W26/><G26/><T76/><D76/><U73/><E73/><V82/><F92/><W44/><G44/><T108/><D108/><U91/><E96/><V84/><AGARI ba="0,0" hai="6,7,12,13,14,56,63,65,82,84,90" m="47423" machi="84" ten="30,4000,0" yaku="8,1,52,2" doraHai="80" who="2" fromWho="2" sc="424,-20,168,-10,34,40,374,-10" /><INIT seed="5,0,0,2,2,80" ten="404,158,74,364" oya="1" hai0="57,5,12,135,95,77,25,2,28,22,65,101,79" hai1="131,94,127,51,44,86,23,128,109,105,27,40,26" hai2="84,120,113,67,17,38,52,14,30,125,97,8,61" hai3="29,20,104,121,35,117,124,47,11,7,0,50,89"/><U4/><E105/><V62/><F120/><W115/><G121/><T43/><D135/><U134/><E134/><V59/><F38/><W31/><G104/><T82/><D2/><U64/><E127/><V108/><F125/><W39/><G39/><T98/><D43/><U36/><E4/><V99/><F108/><W126/><G35/><T102/><D102/><U49/><E109/><V3/><F30/><W37/><G37/><T92/><D92/><U21/><E64/><V33/><F33/><W118/><G115/><T119/><D119/><N who="3" m="45577" /><G89/><T73/><D73/><U85/><E36/><V19/><F3/><W107/><G107/><T133/><D82/><U114/><E94/><V34/><F34/><W106/><G106/><T78/><D133/><U54/><E114/><V93/><F113/><W70/><G70/><T42/><D42/><U76/><E76/><V32/><F32/><W74/><G74/><T1/><D1/><U60/><E60/><V132/><F132/><W48/><G48/><T111/><D111/><U45/><E40/><V58/><REACH who="2" step="1"/><F19/><REACH who="2" ten="404,158,64,364" step="2"/><W90/><G29/><T103/><D28/><U71/><E71/><V91/><AGARI ba="0,1" hai="8,14,17,52,58,59,61,62,67,84,91,93,97,99" machi="91" ten="30,12000,2" yaku="1,1,2,1,0,1,8,1,52,1,54,1,53,1" doraHai="80" doraHaiUra="15" who="2" fromWho="2" sc="404,-30,158,-60,64,130,364,-30" /><INIT seed="6,0,0,1,4,77" ten="374,98,194,334" oya="2" hai0="49,8,9,120,70,92,0,37,12,43,30,27,50" hai1="19,95,83,2,17,28,54,60,59,38,125,68,1" hai2="61,90,33,42,22,98,91,134,109,89,135,119,63" hai3="107,132,53,115,71,3,79,112,108,25,29,73,82"/><V26/><F33/><N who="3" m="20655" /><G108/><T7/><D120/><U103/><E125/><V46/><F119/><W87/><G71/><T101/><D70/><U14/><E38/><V110/><F98/><W69/><G69/><T94/><D37/><U114/><E114/><N who="3" m="43562" /><G3/><T127/><D127/><U65/><E28/><N who="2" m="17495" /><F63/><W84/><G107/><T41/><D41/><U62/><E19/><V57/><F46/><W66/><G66/><T131/><D131/><U72/><E95/><V58/><F42/><W74/><G132/><N who="2" m="50729" /><F57/><W105/><G105/><T21/><D101/><U36/><E103/><V128/><F128/><W133/><G133/><T111/><D111/><U78/><REACH who="1" step="1"/><E36/><REACH who="1" ten="374,88,194,334" step="2"/><V99/><F99/><W56/><G74/><T64/><D94/><U129/><E129/><V45/><F45/><W15/><G15/><T67/><D92/><U39/><E39/><V35/><F35/><W24/><G24/><T31/><D27/><U51/><E51/><AGARI ba="0,1" hai="51,53,56,73,79,82,84,87" m="43562,20655" machi="51" ten="30,3900,0" yaku="15,1,11,1,52,1" doraHai="77" who="3" fromWho="1" sc="374,0,88,-39,194,0,334,49" /><INIT seed="7,0,0,4,3,98" ten="374,49,194,383" oya="3" hai0="93,117,129,0,32,121,37,52,4,10,96,126,71" hai1="91,85,67,31,88,12,50,16,46,86,43,3,28" hai2="113,51,108,27,5,104,119,107,131,110,33,101,40" hai3="124,100,89,69,114,97,77,48,22,133,58,35,99"/><W64/><G35/><T11/><D121/><U111/><E3/><V68/><F51/><W18/><G114/><T8/><D117/><U78/><E78/><V130/><F40/><W2/><G2/><T82/><D126/><U115/><E115/><V29/><F119/><W106/><G124/><T23/><D129/><U36/><E36/><V135/><F135/><W63/><G77/><T128/><D128/><N who="2" m="49194" /><F68/><W90/><G97/><T24/><D32/><U34/><E34/><V7/><F101/><W65/><G133/><T72/><D37/><U75/><E75/><V45/><F45/><W30/><G30/><T105/><D105/><N who="2" m="40522" /><F113/><W109/><G109/><AGARI ba="0,0" hai="5,7,27,29,33,108,109,110" m="40522,49194" machi="109" ten="40,1300,0" yaku="19,1" doraHai="98" who="2" fromWho="3" sc="374,0,49,0,194,13,383,-13" owari="374,47.4,49,-45.1,207,-19.3,370,17.0" /></mjloggm>