<mjloggm ver="2.3"><GO type="169" lobby="0"/><UN n0="%32%30%30%E6%88%A6%E5%8D%87%E7%89%B9" n1="%44%42%4A" n2="%52%65%63%61%6C%74%71" n3="%E3%82%B7%E3%83%A9%E3%80%82" dan="17,16,16,17" rate="2216.80,2176.33,2098.27,2240.75" sx="M,M,M,M"/><TAIKYOKU oya="0"/><INIT seed="0,0,0,3,5,27" ten="250,250,250,250" oya="0" hai0="32,43,87,81,112,1,104,37,80,18,84,30,90" hai1="75,39,44,65,51,15,56,97,20,108,132,77,63" hai2="40,59,60,23,28,99,115,3,19,41,16,49,66" hai3="126,114,26,64,5,70,119,113,61,76,93,123,73"/><T22/><D112/><U24/><E108/><V103/><F3/><W33/><G119/><T14/><D104/><U88/><E132/><V96/><F115/><W101/><G126/><T25/><D1/><U94/><E39/><V55/><F99/><W100/><G123/><T62/><D62/><U67/><E75/><V82/><F82/><W74/><G5/><T29/><D37/><U79/><E15/><V110/><F110/><W92/><G76/><T31/><REACH who="0" step="1"/><D43/><REACH who="0" ten="240,250,250,250" step="2"/><N who="1" m="24991" /><E67/><V36/><F36/><W89/><G61/><T17/><D17/><AGARI ba="0,1" hai="17,20,24,56,63,65,77,79,88,94,97" m="24991" machi="17" ten="30,2000,0" yaku="8,1,54,1" doraHai="27" who="1" fromWho="0" sc="240,-20,250,30,250,0,250,0" /><INIT seed="1,0,0,4,2,29" ten="220,280,250,250" oya="1" hai0="93,27,98,63,61,90,69,37,67,43,34,111,71" hai1="124,96,58,112,81,80,113,70,2,126,122,66,6" hai2="84,25,7,105,35,134,52,83,18,135,74,117,78" hai3="1,4,131,44,33,99,121,132,119,75,104,86,123"/><U11/><E70/><V50/><F117/><W41/><G86/><T14/><D111/><U38/><E122/><V88/><F105/><W107/><G119/><T73/><D73/><U0/><E38/><V128/><F7/><W17/><G17/><T57/><D14/><U125/><E96/><V32/><F128/><W60/><G131/><T68/><D37/><U91/><E2/><V10/><F25/><W82/><G132/><N who="2" m="50729" /><F18/><W133/><G133/><T72/><D72/><U22/><E22/><V118/><F118/><W39/><G60/><T79/><D79/><U103/><E103/><V95/><F10/><N who="3" m="2319" /><G33/><T110/><D43/><U21/><E21/><V36/><F36/><W77/><G107/><T120/><D120/><U3/><E3/><V51/><F51/><W12/><G12/><T13/><D13/><U31/><E31/><V49/><F49/><W5/><G5/><T23/><D110/><U56/><E66/><V28/><F28/><W108/><G108/><T16/><REACH who="0" step="1"/><D34/><REACH who="0" ten="210,280,250,250" step="2"/><U92/><E113/><V97/><F74/><W48/><G48/><T114/><D114/><U106/><E112/><V109/><F109/><W76/><G77/><T62/><AGARI ba="0,1" hai="16,23,27,57,61,62,63,67,68,69,71,90,93,98" machi="62" ten="40,5200,0" yaku="1,1,0,1,54,1,53,0" doraHai="29" doraHaiUra="115" who="0" fromWho="0" sc="210,62,280,-26,250,-13,250,-13" /><INIT seed="2,0,0,1,1,27" ten="272,254,237,237" oya="2" hai0="47,35,101,44,8,126,62,37,76,78,96,125,1" hai1="14,99,110,7,13,128,130,52,72,2,57,56,122" hai2="100,73,49,90,16,10,58,26,59,87,74,12,108" hai3="82,25,79,95,24,19,67,127,6,71,36,39,121"/><V116/><F116/><W31/><G121/><T104/><D35/><U51/><E72/><V53/><F108/><W64/><G127/><N who="0" m="48651" /><D62/><U123/><E99/><V22/><F59/><W80/><G6/><N who="0" m="1103" /><D37/><U15/><E110/><V48/><F100/><W68/><G95/><T109/><D109/><U42/><E42/><V33/><F33/><W83/><G19/><T34/><D34/><U38/><E38/><N who="3" m="14378" /><G31/><T114/><D114/><U94/><E94/><V88/><F48/><W21/><G21/><T66/><D66/><N who="3" m="25129" /><G79/><AGARI ba="0,0" hai="44,47,76,78,79,96,101,104" m="1103,48651" machi="79" ten="30,1000,0" yaku="18,1" doraHai="27" who="0" fromWho="3" sc="272,10,254,0,237,0,237,-10" /><INIT seed="3,0,0,4,1,9" ten="282,254,237,227" oya="3" hai0="51,5,124,132,117,50,131,65,75,66,78,19,121" hai1="116,82,87,46,57,76,93,49,12,85,26,108,53" hai2="3,43,59,13,120,8,44,56,70,135,90,83,80" hai3="101,123,55,105,95,103,115,112,134,2,106,42,20"/><W94/><G20/><T25/><D121/><U36/><E108/><V29/><F120/><W16/><G123/><T91/><D117/><U99/><E26/><V60/><F3/><W96/><G42/><T68/><D124/><U102/><E116/><V133/><F29/><W54/><G2/><T122/><D122/><U89/><E36/><V84/><F70/><W40/><G40/><T0/><D131/><U41/><E12/><V39/><F80/><W63/><G63/><T118/><D118/><U79/><REACH who="1" step="1"/><E87/><REACH who="1" ten="282,244,237,227" step="2"/><V14/><F59/><W7/><G134/><N who="2" m="51209" /><F8/><W72/><G72/><T28/><D132/><U86/><E86/><V61/><F61/><W33/><G33/><T34/><D34/><U24/><E24/><V88/><F90/><W110/><G110/><T113/><D91/><U100/><E100/><V81/><F81/><W127/><G127/><T129/><D75/><U77/><E77/><V21/><F21/><W119/><G119/><T22/><D78/><U18/><E18/><V52/><AGARI ba="0,1" hai="13,14,39,43,44,52,56,60,83,84,88" m="51209" machi="52" ten="30,8000,1" yaku="20,1,52,2,54,2" doraHai="9" who="2" fromWho="2" sc="282,-20,244,-20,237,90,227,-40" /><INIT seed="4,0,0,2,4,126" ten="262,224,327,187" oya="0" hai0="77,67,39,17,34,40,35,59,23,116,13,115,135" hai1="58,133,123,122,130,29,84,65,25,51,26,38,73" hai2="60,99,70,112,37,2,27,111,45,7,57,48,33" hai3="103,86,22,32,15,132,129,4,19,97,134,11,106"/><T61/><D116/><U18/><E73/><V52/><F111/><W94/><G32/><T30/><D115/><U117/><E38/><V128/><F112/><W95/><G129/><T110/><D110/><U55/><E117/><V80/><F7/><W31/><G31/><T98/><D135/><N who="3" m="51753" /><G86/><T68/><D77/><U81/><E133/><V125/><F2/><AGARI ba="0,0" hai="2,4,11,15,19,22,94,95,97,103,106" m="51753" machi="2" ten="30,1000,0" yaku="20,1" doraHai="126" who="3" fromWho="2" sc="262,0,224,0,327,-10,187,10" /><INIT seed="5,0,0,2,4,96" ten="262,224,317,197" oya="1" hai0="63,108,25,123,128,107,83,113,22,53,52,125,11" hai1="105,91,10,78,57,15,24,87,43,9,103,101,109" hai2="37,75,67,58,89,117,116,120,6,49,32,98,118" hai3="72,60,8,79,84,44,34,134,126,121,12,69,74"/><U14/><E105/><V47/><F32/><W130/><G121/><T81/><D108/><U42/><E109/><V35/><F35/><W132/><G34/><T46/><D107/><U3/><E3/><V131/><F75/><W62/><G130/><T106/><D106/><U65/><E24/><V94/><F120/><W97/><G126/><T66/><D123/><U39/><E78/><V88/><F131/><W19/><G44/><T133/><D128/><U33/><E33/><V5/><F37/><W40/><G40/><N who="1" m="15402" /><E39/><V127/><F127/><W102/><G84/><T18/><D113/><U76/><E76/><V36/><F36/><W71/><G79/><T13/><D133/><N who="3" m="51305" /><G62/><T122/><D122/><U17/><E57/><V31/><F58/><W80/><G80/><T68/><D125/><U110/><E65/><V41/><F67/><N who="3" m="41191" /><G71/><T28/><REACH who="0" step="1"/><D53/><REACH who="0" ten="252,224,317,197" step="2"/><U30/><E110/><V124/><F124/><W50/><G50/><AGARI ba="0,1" hai="11,13,18,22,25,28,46,50,52,63,66,68,81,83" machi="50" ten="40,5200,0" yaku="1,1,2,1,54,1,53,0" doraHai="96" doraHaiUra="73" who="0" fromWho="3" sc="252,62,224,0,317,0,197,-52" /><INIT seed="6,0,0,5,5,121" ten="314,224,317,145" oya="2" hai0="24,29,23,54,25,76,91,26,47,89,60,115,35" hai1="57,130,14,43,64,77,61,39,68,79,59,82,103" hai2="73,85,87,74,71,110,7,123,120,52,98,84,19" hai3="83,51,10,21,40,116,9,67,124,34,109,22,11"/><V45/><F71/><W17/><G116/><T56/><D115/><U104/><E79/><V97/><F7/><W72/><G34/><T119/><D119/><U20/><E130/><V30/><F30/><W27/><G124/><T131/><D131/><U65/><E104/><V113/><F19/><W3/><G67/><T78/><D35/><U53/><E103/><V33/><F33/><W32/><G32/><T70/><D70/><U108/><E82/><V13/><F13/><W44/><G3/><T88/><D47/><N who="1" m="24063" /><E77/><AGARI ba="0,0" hai="23,24,25,26,29,54,56,60,76,77,78,88,89,91" machi="77" ten="40,2600,0" yaku="8,1,54,1" doraHai="121" who="0" fromWho="1" sc="314,26,224,-26,317,0,145,0" /><INIT seed="7,0,0,1,5,11" ten="340,198,317,145" oya="3" hai0="24,13,7,65,64,110,91,119,130,94,69,77,17" hai1="40,84,80,35,19,10,128,18,34,71,104,96,42" hai2="52,103,132,85,20,8,27,49,107,63,37,30,5" hai3="33,112,62,51,67,81,124,9,44,125,58,59,86"/><W78/><G33/><T102/><D110/><U95/><E104/><V88/><F132/><W15/><G59/><T57/><D69/><U75/><E75/><V29/><F37/><W115/><G115/><T118/><D130/><U23/><E71/><V111/><F111/><W45/><G112/><T26/><D102/><U21/><E128/><V120/><F120/><W14/><G45/><T121/><D121/><U98/><E10/><V87/><F30/><W76/><G76/><T93/><D77/><U123/><E123/><V97/><F63/><W36/><G36/><T126/><D126/><N who="3" m="48745" /><G9/><T92/><D57/><U12/><E34/><V55/><F87/><W66/><G66/><T32/><D32/><U43/><E95/><V108/><F108/><W2/><G2/><T53/><D119/><U25/><E35/><V73/><F73/><W28/><G28/><T6/><D64/><U89/><AGARI ba="0,0" hai="12,18,19,21,23,25,40,42,43,80,84,89,96,98" machi="89" ten="30,4000,0" yaku="0,1,8,1,52,1" doraHai="11" who="1" fromWho="1" sc="340,-10,198,40,317,-10,145,-20" owari="330,43.0,238,-16.2,307,10.7,125,-37.5" /></mjloggm>