<mjloggm ver="2.3"><GO type="169" lobby="0"/><UN n0="%4D%72%52%41%4D%4F" n1="%E6%AD%A6" n2="%43%61%64%6F%67%61%6E" n3="%40%E5%8F%8B%E5%88%A9%E5%A5%88%E7%B7%92%40" dan="16,16,16,17" rate="2105.13,2122.32,2067.06,2151.27" sx="M,M,F,F"/><TAIKYOKU oya="0"/><INIT seed="0,0,0,0,4,36" ten="250,250,250,250" oya="0" hai0="26,101,59,78,12,54,67,73,89,102,100,123,132" hai1="68,57,43,113,120,15,69,48,52,95,79,85,70" hai2="77,9,104,0,106,5,88,110,96,58,51,16,61" hai3="38,91,45,60,14,62,10,65,42,25,94,80,27"/><T28/><D123/><U117/><E120/><V47/><F77/><W21/><G80/><T8/><D132/><U129/><E117/><V86/><F96/><W105/><G105/><T76/><D67/><U135/><E135/><V98/><F98/><W37/><G37/><T32/><D89/><U66/><E129/><V134/><F110/><W31/><G25/><T116/><D116/><U4/><E113/><V2/><F2/><W33/><G33/><T75/><D78/><U74/><E74/><V84/><F84/><W72/><G65/><T108/><D108/><U6/><E66/><V29/><F29/><W17/><REACH who="3" step="1"/><G72/><REACH who="3" ten="250,250,250,240" step="2"/><T122/><D122/><U63/><E95/><V128/><F106/><W30/><G30/><T112/><D112/><U20/><E79/><V81/><F104/><W11/><G11/><T34/><D34/><U40/><E85/><AGARI ba="0,1" hai="10,14,17,21,27,31,38,42,45,60,62,85,91,94" machi="85" ten="30,3900,0" yaku="1,1,7,1,52,1,53,0" doraHai="36" doraHaiUra="53" who="3" fromWho="1" sc="250,0,250,-39,250,0,240,49" /><INIT seed="1,0,0,1,0,105" ten="250,211,250,289" oya="1" hai0="92,37,36,15,42,106,8,45,27,32,103,102,95" hai1="53,61,38,28,33,52,115,77,118,30,55,74,12" hai2="47,84,123,3,57,0,60,25,128,89,9,78,80" hai3="90,129,39,22,127,62,76,10,4,93,40,108,100"/><U135/><E115/><V26/><F123/><W65/><G129/><T112/><D112/><U35/><E118/><V117/><F117/><W69/><G108/><T114/><D114/><U46/><E135/><V113/><F113/><W49/><G127/><T41/><D32/><U111/><E111/><V75/><F128/><W130/><G100/><T24/><D15/><U99/><E61/><V71/><F71/><W14/><G39/><T20/><D20/><U34/><E99/><V18/><F47/><W116/><G116/><T122/><D45/><U126/><E12/><V98/><F25/><W70/><G22/><T7/><D7/><U31/><E126/><V72/><F3/><W23/><G23/><T110/><D110/><U131/><E131/><V85/><F98/><W120/><G120/><T133/><D106/><U107/><E107/><V13/><F26/><W50/><G40/><T43/><D8/><U58/><E58/><V68/><F68/><W16/><G70/><T56/><D56/><U97/><E97/><V64/><REACH who="2" step="1"/><F0/><REACH who="2" ten="250,211,240,289" step="2"/><W121/><G121/><T124/><D124/><U63/><E63/><V67/><F67/><W66/><G66/><T109/><D109/><U73/><E77/><V11/><F11/><W1/><G130/><T19/><D122/><U2/><E2/><V83/><AGARI ba="0,1" hai="9,13,18,57,60,64,72,75,78,80,83,84,85,89" machi="83" ten="20,8000,1" yaku="1,1,0,1,7,1,52,2,53,0" doraHai="105" doraHaiUra="119" who="2" fromWho="2" sc="250,-20,211,-40,240,90,289,-20" /><INIT seed="2,0,0,5,1,118" ten="230,171,330,269" oya="2" hai0="57,59,121,5,60,62,115,28,92,107,39,134,75" hai1="72,113,90,24,76,64,94,123,32,111,40,35,71" hai2="11,52,34,26,61,122,65,66,37,130,49,55,43" hai3="120,47,51,105,74,99,18,67,98,88,89,4,81"/><V63/><F34/><W95/><G4/><T44/><D107/><U58/><E113/><V73/><F73/><W132/><G67/><T102/><D75/><U45/><E71/><N who="2" m="42415" /><F26/><W131/><G18/><T20/><D115/><U108/><E76/><V129/><F11/><W9/><G9/><T78/><D78/><U114/><E72/><V42/><F37/><W110/><G51/><T87/><D5/><U100/><E100/><V10/><F10/><W50/><G50/><T41/><D134/><U80/><E80/><V109/><F109/><N who="1" m="42057" /><E24/><V46/><F55/><W96/><G47/><T77/><D44/><U112/><E32/><V29/><F29/><W93/><G110/><T19/><D28/><U85/><E35/><V82/><F82/><W84/><G74/><T56/><D39/><N who="1" m="21663" /><E112/><V48/><F122/><W36/><G36/><T15/><D121/><U25/><E25/><V3/><F3/><W14/><G14/><T126/><D41/><N who="2" m="15370" /><F48/><W16/><G120/><T54/><D15/><U22/><E114/><V103/><F103/><N who="3" m="62695" /><G16/><T70/><D19/><U17/><E123/><V125/><F125/><W79/><G132/><T86/><D126/><U128/><E17/><V0/><F0/><W31/><G31/><T117/><D20/><U12/><E22/><V101/><F101/><W33/><G33/><T133/><D102/><U127/><E127/><V13/><F13/><W23/><G23/><T2/><D133/><U104/><E12/><V21/><F21/><W135/><G135/><T6/><D2/><U68/><E64/><V91/><F91/><W8/><G8/><RYUUKYOKU ba="0,0" sc="230,-15,171,-15,330,15,269,15" hai2="46,49,52,63,66,129,130" hai3="79,81,84,88,89,93,95,98,99,131" /><INIT seed="2,1,0,2,2,107" ten="215,156,345,284" oya="2" hai0="33,112,106,113,14,92,11,74,81,12,38,41,44" hai1="100,103,68,70,98,18,52,96,78,53,117,80,16" hai2="17,43,95,31,111,48,49,56,10,88,65,87,127" hai3="116,7,15,35,91,64,85,42,134,24,20,67,0"/><V105/><F105/><W86/><G116/><T76/><D106/><U59/><E117/><V63/><F127/><W114/><G114/><T135/><D33/><U108/><E59/><V97/><F111/><W71/><G134/><T22/><D135/><U25/><E25/><V123/><F123/><W1/><G42/><T120/><D120/><U9/><E9/><V46/><F31/><W37/><G37/><T36/><D36/><U30/><E80/><V102/><F10/><W84/><G91/><T45/><D45/><U29/><REACH who="1" step="1"/><E78/><REACH who="1" ten="215,146,345,284" step="2"/><V47/><F17/><W101/><G24/><T23/><D112/><U19/><E19/><V121/><F121/><W109/><G109/><AGARI ba="1,1" hai="16,18,29,30,52,53,68,70,96,98,100,103,108,109" machi="109" ten="25,8000,1" yaku="1,1,22,2,54,2,53,0" doraHai="107" doraHaiUra="34" who="1" fromWho="3" sc="215,0,146,93,345,0,284,-83" /><INIT seed="3,0,0,0,3,50" ten="215,239,345,201" oya="3" hai0="92,3,73,43,81,82,90,23,113,110,8,128,31" hai1="71,104,123,46,47,130,54,44,29,0,68,121,4" hai2="133,100,131,70,129,35,32,28,9,124,74,34,91" hai3="120,59,2,127,69,17,36,111,53,84,57,97,109"/><W107/><G120/><N who="1" m="46154" /><E29/><V80/><F70/><N who="1" m="26665" /><E4/><V40/><F100/><N who="3" m="62863" /><G69/><T37/><D110/><N who="3" m="41993" /><G2/><T60/><D128/><U20/><E20/><V7/><F40/><W27/><G36/><T77/><D113/><U116/><E104/><V114/><F114/><W99/><G127/><T30/><D82/><U122/><E0/><V93/><F80/><W26/><G99/><T22/><D60/><U106/><E106/><V38/><F38/><W41/><G41/><T117/><D117/><U52/><E122/><V18/><F124/><W61/><G84/><T98/><D31/><U11/><E11/><V75/><F28/><W45/><G45/><N who="1" m="17514" /><E130/><V66/><F7/><W56/><G27/><T134/><D30/><U24/><E24/><V49/><F9/><W96/><G96/><T76/><D8/><U16/><E16/><V67/><F18/><W21/><AGARI ba="0,0" hai="17,21,26,53,56,57,59,61" m="41993,62863" machi="21" ten="30,6000,0" yaku="14,1,10,1,52,1" doraHai="50" who="3" fromWho="3" sc="215,-20,239,-20,345,-20,201,60" /><INIT seed="3,1,0,0,4,31" ten="195,219,325,261" oya="3" hai0="68,121,18,104,85,29,132,118,12,78,99,122,65" hai1="89,131,28,90,107,81,64,77,120,40,58,72,17" hai2="8,59,127,37,2,93,92,47,14,125,20,97,6" hai3="106,109,23,30,84,129,44,87,116,22,113,95,126"/><W103/><G116/><T124/><D118/><U26/><E120/><V133/><F133/><W24/><G113/><T52/><D132/><U45/><E107/><V13/><F59/><W82/><G126/><N who="2" m="48137" /><F92/><W46/><G129/><T102/><D124/><U76/><E76/><V21/><F37/><W25/><G106/><T61/><D29/><U0/><E0/><V111/><F47/><W15/><G15/><N who="2" m="5641" /><F111/><W5/><G5/><T43/><D43/><U35/><E17/><V130/><F130/><W94/><G109/><T98/><D98/><U105/><E105/><V33/><F33/><W101/><REACH who="3" step="1"/><G30/><REACH who="3" ten="195,219,325,251" step="2"/><T51/><D121/><U79/><E131/><V41/><F41/><W66/><G66/><T67/><D122/><U123/><E123/><V96/><F96/><W55/><G55/><T71/><D67/><U11/><E64/><V10/><F10/><W49/><G49/><T34/><D71/><U54/><E11/><V80/><F8/><W53/><G53/><T39/><D12/><U16/><E16/><V63/><F6/><W117/><G117/><T36/><D18/><U134/><E134/><V48/><F48/><W83/><AGARI ba="1,1" hai="22,23,24,25,44,46,82,83,84,87,94,95,101,103" machi="83" ten="25,18000,2" yaku="1,1,0,1,22,2,8,1,53,2" doraHai="31" doraHaiUra="91" who="3" fromWho="3" sc="195,-61,219,-61,325,-61,251,193" /><INIT seed="3,2,0,1,2,51" ten="134,158,264,444" oya="3" hai0="17,125,110,10,15,44,54,115,29,34,2,70,64" hai1="40,85,49,90,77,32,61,122,20,23,112,59,33" hai2="72,121,116,26,80,11,130,25,74,135,123,37,43" hai3="128,5,7,88,82,48,76,24,95,132,92,124,31"/><W111/><G128/><T19/><D110/><U89/><E122/><N who="2" m="46603" /><F116/><W1/><G111/><T73/><D73/><U9/><E112/><V42/><F37/><W27/><G124/><T66/><D115/><U106/><E106/><V109/><F109/><W62/><G132/><T65/><D125/><U105/><E105/><V119/><F119/><W47/><G62/><T113/><D113/><U52/><E33/><V87/><F11/><W39/><G39/><T53/><D2/><U71/><E32/><V127/><F127/><W12/><G1/><T0/><D0/><U93/><E77/><V101/><F101/><W35/><G27/><N who="2" m="10249" /><F135/><W134/><G134/><T84/><D34/><U4/><E90/><V108/><F130/><W131/><G12/><N who="0" m="7319" /><D29/><U18/><E18/><V133/><F108/><W55/><G131/><T126/><D70/><U57/><E71/><V28/><F28/><W6/><REACH who="3" step="1"/><G88/><REACH who="3" ten="134,158,264,434" step="2"/><T79/><D126/><U83/><E83/><V91/><F133/><W104/><G104/><T129/><D129/><U16/><E4/><V81/><F80/><W103/><G103/><T96/><D96/><U22/><E61/><V98/><F98/><W94/><G94/><T67/><N who="0" m="16384" /><DORA hai="118" /><T68/><D68/><U56/><E40/><AGARI ba="2,1" hai="40,42,43,72,74,81,87,91" m="10249,46603" machi="40" ten="30,7700,0" yaku="13,1,52,3" doraHai="51,118" who="2" fromWho="1" sc="134,0,158,-83,264,93,434,0" /><INIT seed="4,0,0,3,0,93" ten="134,75,357,434" oya="0" hai0="132,35,71,126,1,134,44,51,33,72,102,66,47" hai1="38,98,7,65,24,29,17,76,129,130,97,8,56" hai2="32,115,116,6,50,64,96,74,135,133,62,86,125" hai3="48,114,79,22,84,39,27,60,16,104,117,122,80"/><T88/><D72/><U18/><E38/><V58/><F74/><W119/><G39/><T121/><D121/><U15/><E76/><V54/><F115/><W55/><G122/><T113/><D1/><U109/><E109/><V77/><F32/><W78/><G104/><T0/><D0/><U123/><E123/><V112/><F112/><W90/><G114/><T120/><D113/><U106/><E65/><V30/><F30/><W111/><G111/><T85/><D120/><U70/><E70/><V34/><F34/><W131/><G131/><N who="1" m="50186" /><E56/><V23/><F77/><W11/><G60/><N who="0" m="40391" /><D102/><U100/><E98/><V82/><F96/><W12/><G117/><T2/><D2/><U14/><E14/><V124/><F116/><W81/><G81/><N who="0" m="49199" /><D47/><U28/><E28/><V107/><F107/><W19/><G119/><T37/><D37/><U3/><E3/><V75/><F75/><W57/><AGARI ba="0,0" hai="11,12,16,19,22,27,48,55,57,78,79,80,84,90" machi="57" ten="20,5200,0" yaku="0,1,7,1,8,1,54,1" doraHai="93" who="3" fromWho="3" sc="134,-26,75,-13,357,-13,434,52" /><INIT seed="5,0,0,0,3,83" ten="108,62,344,486" oya="1" hai0="28,9,2,55,24,114,112,101,97,39,132,74,106" hai1="99,131,91,30,45,33,15,56,85,22,52,133,102" hai2="130,96,54,53,121,105,10,57,135,69,116,123,25" hai3="71,134,51,124,38,14,90,119,47,26,73,63,20"/><U11/><E131/><V94/><F116/><W70/><G119/><T68/><D74/><U1/><E133/><V120/><F69/><W104/><G104/><T113/><D132/><U100/><E33/><V5/><F135/><W6/><G134/><T21/><D68/><U117/><E117/><V29/><F105/><W8/><G73/><T84/><D39/><U4/><E45/><V13/><F130/><W108/><G108/><T66/><D66/><U49/><E99/><V109/><F109/><W127/><G38/><T76/><D55/><U89/><E89/><V37/><F37/><W62/><G71/><T60/><D60/><U40/><E40/><V58/><F58/><W128/><G90/><T115/><D115/><U17/><REACH who="1" step="1"/><E30/><REACH who="1" ten="108,52,344,486" step="2"/><V0/><F29/><W7/><G128/><T98/><D98/><U18/><E18/><V80/><F96/><W32/><G32/><T86/><D76/><U50/><E50/><V129/><F129/><W31/><G51/><T126/><D126/><U77/><E77/><V35/><F35/><W23/><G47/><T36/><D36/><U107/><E107/><V103/><F123/><W88/><G88/><T122/><D122/><U44/><E44/><V48/><F48/><W65/><G124/><T41/><D41/><U93/><AGARI ba="0,1" hai="1,4,11,15,17,22,49,52,56,85,91,93,100,102" machi="93" ten="20,24000,3" yaku="1,1,0,1,7,1,25,2,52,1,54,1,53,1" doraHai="83" doraHaiUra="19" who="1" fromWho="1" sc="108,-80,52,250,344,-80,486,-80" /><INIT seed="5,1,0,2,0,104" ten="28,302,264,406" oya="1" hai0="129,27,120,32,40,107,59,5,33,31,80,2,46" hai1="24,103,16,95,106,84,101,55,22,105,118,67,76" hai2="68,83,42,52,60,81,29,73,9,39,71,26,75" hai3="111,99,117,97,133,7,126,119,35,125,91,121,77"/><U135/><E118/><N who="3" m="45066" /><G7/><T57/><D129/><U61/><E135/><V15/><F68/><W3/><G3/><T44/><D120/><U66/><E55/><V90/><F42/><W96/><G35/><T130/><D130/><U48/><E48/><V17/><F39/><W28/><G28/><T0/><D107/><U112/><E112/><V110/><F110/><W49/><G121/><T54/><D80/><U56/><E67/><V21/><F71/><W62/><G62/><T114/><D114/><U53/><E106/><V11/><F11/><W25/><G25/><T70/><D27/><U19/><E105/><V38/><F38/><W98/><G49/><T122/><D31/><U100/><E53/><V36/><F36/><W86/><G111/><T6/><D54/><U4/><E4/><V18/><F29/><W74/><N who="3" m="24576" /><DORA hai="93" /><W58/><G58/><T116/><D122/><U14/><E103/><V47/><F83/><N who="3" m="45495" /><G133/><T89/><D116/><U50/><E50/><V72/><F60/><W10/><G10/><T20/><D70/><U108/><E108/><V63/><F47/><W30/><G30/><T88/><REACH who="0" step="1"/><D20/><REACH who="0" ten="18,302,264,406" step="2"/><N who="1" m="11287" /><E101/><V128/><F128/><W92/><AGARI ba="1,1" hai="86,91,92,125,126" m="45495,24576,45066" machi="92" ten="50,16000,3" yaku="12,1,34,2,52,5" doraHai="104,93" who="3" fromWho="3" sc="18,-41,302,-81,264,-41,406,173" owari="-23,-52.3,221,-17.9,223,2.3,579,67.9" /></mjloggm>