<mjloggm ver="2.3"><GO type="169" lobby="0"/><UN n0="%E3%82%A8%E3%82%B0%E3%83%81%E3%80%81" n1="%E2%80%A0%E7%99%BD%E5%85%8E%E2%80%A0" n2="%E3%81%A8%E3%81%B3%E3%81%BE%E3%81%93" n3="%E7%8C%AA%E7%8B%A9%E5%AE%88" dan="17,18,17,17" rate="2199.33,2178.75,2214.48,2187.96" sx="M,M,M,M"/><TAIKYOKU oya="0"/><INIT seed="0,0,0,0,4,50" ten="250,250,250,250" oya="0" hai0="112,49,20,24,32,119,3,98,25,100,2,130,61" hai1="109,9,74,121,87,41,135,18,23,33,123,71,62" hai2="15,39,66,103,73,95,13,126,45,101,4,70,129" hai3="26,96,27,94,117,60,107,77,88,104,85,44,58"/><T102/><BYE who="1" /><D112/><U10/><E10/><V38/><F73/><W54/><G117/><UN n1="%E2%80%A0%E7%99%BD%E5%85%8E%E2%80%A0" /><T34/><D119/><U115/><E74/><V76/><F76/><W57/><G44/><T30/><D130/><U29/><E41/><V31/><F31/><W72/><G104/><T89/><D89/><U1/><E109/><V0/><F0/><W80/><REACH who="3" step="1"/><G58/><REACH who="3" ten="250,250,250,240" step="2"/><T91/><D2/><U21/><E1/><V97/><F45/><W40/><G40/><T65/><D3/><U51/><E121/><V37/><F70/><W105/><G105/><T28/><D34/><U42/><E71/><V120/><F120/><W7/><G7/><T22/><D32/><U133/><E33/><V81/><F4/><W56/><G56/><N who="0" m="37031" /><D49/><U64/><E51/><V16/><F39/><W113/><G113/><T53/><D53/><U128/><E115/><V131/><F38/><W5/><G5/><T63/><D63/><U83/><E62/><V68/><F37/><W11/><G11/><T75/><D75/><U106/><E9/><V82/><F68/><W99/><G99/><T43/><D43/><U48/><E106/><V114/><F97/><W111/><G111/><T59/><D59/><U69/><E69/><V67/><F114/><W127/><G127/><T84/><D98/><U93/><E123/><V78/><F126/><W125/><G125/><T79/><D79/><U17/><E42/><V6/><F78/><W14/><G14/><T90/><D84/><U52/><E87/><V108/><F108/><W46/><G46/><T118/><D118/><U47/><E47/><V116/><F116/><RYUUKYOKU ba="0,1" sc="250,15,250,-15,250,-15,240,15" hai0="20,22,24,25,28,30,90,91,100,102" hai3="26,27,54,57,60,72,77,80,85,88,94,96,107" /><INIT seed="0,1,1,3,2,19" ten="265,235,235,255" oya="0" hai0="56,94,21,37,124,71,82,110,29,92,125,103,85" hai1="64,27,83,131,132,134,54,52,123,122,33,57,117" hai2="96,101,106,86,66,81,6,14,59,39,72,35,104" hai3="107,32,24,90,97,114,20,93,80,30,49,36,69"/><T111/><D71/><U129/><E83/><V2/><F35/><W46/><G114/><T43/><D37/><U51/><E33/><V18/><F39/><W88/><G107/><T128/><D43/><U41/><E27/><V17/><F72/><W133/><G69/><T53/><D128/><N who="1" m="49227" /><E117/><V10/><F106/><W108/><G133/><N who="1" m="51306" /><E64/><V65/><F59/><W55/><G108/><N who="0" m="41515" /><D21/><U3/><E3/><V38/><F17/><W73/><G32/><T87/><D29/><U16/><E16/><V1/><F38/><W89/><REACH who="3" step="1"/><G36/><REACH who="3" ten="265,235,235,245" step="2"/><T102/><D125/><U98/><E98/><V31/><F96/><W91/><G91/><N who="0" m="53359" /><D124/><U28/><E28/><V120/><F31/><W95/><G95/><T135/><D94/><U76/><E76/><AGARI ba="1,2" hai="20,24,30,46,49,55,73,76,80,88,89,90,93,97" machi="76" ten="40,8000,1" yaku="1,1,52,1,54,1,53,1" doraHai="19" doraHaiUra="79" who="3" fromWho="1" sc="265,0,235,-83,235,0,245,103" /><INIT seed="1,0,0,1,2,75" ten="265,152,235,348" oya="1" hai0="2,114,106,125,99,85,0,72,22,9,41,100,131" hai1="6,97,49,21,17,116,1,66,19,123,30,62,40" hai2="134,111,76,47,89,12,86,105,20,110,34,45,74" hai3="18,113,130,101,81,5,37,61,38,10,26,93,32"/><U78/><E116/><V133/><F105/><W55/><G113/><T11/><D114/><U124/><E123/><V57/><F34/><W117/><G117/><T15/><D72/><U23/><E124/><V98/><F57/><W82/><G130/><T120/><D120/><U33/><E33/><V39/><F98/><W112/><G37/><T29/><D131/><U25/><E1/><V8/><F20/><W63/><G38/><T44/><D125/><U13/><E6/><V51/><F39/><W43/><G43/><T94/><D106/><U96/><E78/><V107/><F107/><W109/><G55/><T77/><D9/><U119/><E119/><V24/><F24/><W28/><G18/><T31/><D22/><U102/><E19/><V68/><F68/><W129/><G129/><T108/><D108/><N who="2" m="41514" /><F74/><W122/><G112/><T27/><D27/><U83/><E102/><V126/><F89/><W58/><G61/><T54/><D0/><U115/><E115/><V35/><F35/><W84/><G63/><T103/><D100/><U36/><E36/><V104/><F104/><W121/><G58/><T3/><D2/><U73/><E73/><V42/><F47/><W90/><G109/><T79/><D3/><U135/><E135/><N who="2" m="51723" /><F126/><W48/><G32/><T56/><D56/><N who="1" m="37191" /><E83/><N who="2" m="47463" /><F12/><N who="3" m="5199" /><G121/><T53/><D31/><U60/><E60/><V87/><F8/><W65/><G28/><T16/><D29/><U92/><E92/><V52/><F42/><W80/><G93/><T46/><D41/><U88/><E88/><V67/><F67/><W4/><G122/><T14/><D94/><RYUUKYOKU ba="0,0" sc="265,-15,152,15,235,15,348,-15" hai1="13,17,21,23,25,30,40,49,96,97" hai2="45,51,52,87" /><INIT seed="1,1,0,4,2,30" ten="250,167,250,333" oya="1" hai0="77,108,105,43,69,113,101,92,14,51,87,124,117" hai1="21,116,99,17,57,96,45,119,38,128,48,62,115" hai2="46,129,37,56,94,59,63,83,121,95,122,18,110" hai3="33,75,8,27,47,82,120,132,54,118,0,78,65"/><U109/><E115/><V131/><F83/><W72/><G120/><N who="2" m="46185" /><F18/><W107/><G107/><T28/><D51/><U133/><E128/><N who="2" m="49227" /><F95/><W29/><G65/><T9/><D43/><U76/><E133/><V86/><F86/><W91/><G54/><T13/><D69/><U44/><E109/><V80/><F80/><W64/><G64/><T10/><D108/><U61/><E76/><V49/><F94/><W84/><G118/><T66/><D66/><U20/><E17/><V35/><F110/><W114/><G114/><T102/><D113/><U89/><E89/><V15/><F15/><W74/><G47/><T1/><D1/><U19/><E19/><V53/><F35/><W34/><G132/><T88/><D28/><U24/><E24/><V127/><F127/><W52/><G52/><T73/><D124/><U5/><E5/><V70/><F37/><W50/><G50/><T93/><D117/><U90/><E90/><V85/><F85/><W126/><G126/><T79/><D73/><U58/><REACH who="1" step="1"/><E48/><REACH who="1" ten="250,157,250,333" step="2"/><V135/><F135/><W130/><G130/><T106/><D88/><U11/><E11/><V123/><F123/><W103/><G78/><T67/><D87/><U26/><E26/><V32/><F32/><W39/><G39/><AGARI ba="1,1" hai="20,21,38,39,44,45,57,58,61,62,96,99,116,119" machi="39" ten="25,4800,0" yaku="1,1,22,2,53,0" doraHai="30" doraHaiUra="134" who="1" fromWho="3" sc="250,0,157,61,250,0,333,-51" /><INIT seed="1,2,0,1,0,25" ten="250,218,250,282" oya="1" hai0="92,122,125,61,3,113,89,44,81,90,79,28,112" hai1="54,127,55,85,46,48,78,2,95,77,83,36,63" hai2="73,75,96,116,67,21,133,23,87,6,105,18,34" hai3="57,11,47,134,132,68,51,43,42,14,0,114,121"/><U117/><E117/><V7/><F34/><W31/><G121/><T38/><D122/><U104/><E104/><V70/><F116/><W108/><G68/><T101/><D125/><U109/><E127/><V20/><F18/><W39/><G114/><T120/><D120/><U80/><E2/><V74/><F87/><W41/><G0/><T66/><D101/><U30/><E36/><V100/><REACH who="2" step="1"/><F133/><REACH who="2" ten="250,218,240,282" step="2"/><W33/><G132/><T64/><D113/><U10/><E109/><V69/><F69/><W27/><G108/><T49/><D112/><U45/><E85/><V50/><F50/><W103/><G134/><T72/><D38/><U130/><E48/><V97/><F97/><W37/><G37/><T26/><D49/><U71/><E71/><V98/><F98/><W131/><G131/><T53/><D61/><AGARI ba="2,1" hai="6,7,20,21,23,61,67,70,73,74,75,96,100,105" machi="61" ten="50,1600,0" yaku="1,1,53,0" doraHai="25" doraHaiUra="40" who="2" fromWho="0" sc="250,-22,218,0,240,32,282,0" /><INIT seed="2,0,0,1,5,104" ten="228,218,272,282" oya="2" hai0="67,62,17,79,90,116,12,88,85,95,80,6,25" hai1="53,43,37,30,10,69,59,113,71,60,31,105,83" hai2="111,3,122,46,100,65,44,110,72,28,5,78,106" hai3="33,123,21,101,70,15,27,8,22,42,26,77,92"/><V39/><F122/><W98/><G70/><T86/><D116/><U45/><E113/><V7/><F65/><W87/><G123/><T91/><D6/><N who="2" m="2058" /><F3/><W114/><G114/><T20/><REACH who="0" step="1"/><D25/><REACH who="0" ten="218,218,272,282" step="2"/><U118/><E118/><V109/><F39/><W56/><G26/><T89/><D89/><U38/><E37/><V50/><F28/><W108/><G27/><T54/><D54/><U82/><E30/><V57/><F100/><W49/><G42/><T4/><D4/><U47/><E31/><V103/><F103/><W112/><G112/><T93/><D93/><U35/><E43/><V58/><F106/><W74/><G92/><T16/><D16/><U96/><E105/><V52/><F46/><W119/><G101/><T24/><D24/><U125/><E45/><V18/><F18/><W9/><G119/><T75/><D75/><U23/><E47/><V36/><F36/><W121/><G74/><T34/><D34/><U41/><E35/><V51/><F51/><W135/><G121/><T124/><D124/><U48/><E48/><V32/><F32/><W11/><G49/><T63/><D63/><U117/><E60/><V134/><F134/><W13/><G33/><T61/><D61/><U132/><E38/><V126/><F126/><W73/><G135/><T14/><D14/><U19/><E125/><V115/><F115/><W40/><G73/><T0/><D0/><U81/><E132/><V64/><F64/><W55/><G13/><T129/><D129/><U76/><E117/><V131/><F131/><W66/><G15/><T1/><D1/><U127/><E127/><RYUUKYOKU ba="0,1" sc="218,15,218,-15,272,15,282,-15" hai0="12,17,20,62,67,79,80,85,86,88,90,91,95" hai2="44,50,52,57,58,72,78,109,110,111" /><INIT seed="2,1,1,4,4,89" ten="233,203,287,267" oya="2" hai0="104,114,6,60,50,102,67,41,55,82,64,59,22" hai1="14,43,40,32,69,71,65,134,97,128,61,93,66" hai2="96,51,135,24,86,10,39,44,42,79,2,63,107" hai3="98,108,133,105,77,117,53,37,113,11,58,17,1"/><V84/><F135/><W12/><G117/><T123/><D123/><U109/><E134/><V90/><F39/><W122/><G122/><T78/><D114/><U4/><E32/><V83/><F24/><W95/><G113/><T31/><D102/><U72/><E72/><V112/><F112/><W125/><G108/><T88/><D104/><U76/><E76/><V34/><F34/><W87/><G37/><T54/><D41/><U35/><E35/><V92/><F63/><W94/><G1/><T75/><D6/><U9/><E128/><V13/><F2/><W80/><G125/><T21/><D31/><U5/><E109/><V111/><F111/><W121/><G121/><T52/><D67/><U56/><E4/><V18/><REACH who="2" step="1"/><F107/><REACH who="2" ten="233,203,277,267" step="2"/><W15/><G133/><T115/><D115/><U85/><E71/><V68/><F68/><W0/><G0/><T124/><D124/><U29/><E69/><V48/><F48/><N who="3" m="31015" /><G105/><T116/><D50/><U103/><E29/><V130/><F130/><W120/><G120/><T3/><D3/><U119/><E119/><V26/><F26/><W23/><G98/><AGARI ba="1,2" hai="10,13,18,42,44,51,79,83,84,86,90,92,96,98" machi="98" ten="40,7700,0" yaku="1,1,8,1,52,1,53,0" doraHai="89" doraHaiUra="99" who="2" fromWho="3" sc="233,0,203,0,277,100,267,-80" /><INIT seed="2,2,0,5,3,25" ten="233,203,377,187" oya="2" hai0="100,24,70,68,73,104,92,5,98,32,88,110,126" hai1="6,29,27,50,69,108,94,28,77,61,131,42,36" hai2="123,51,90,87,17,91,82,10,74,102,48,111,76" hai3="11,47,112,72,37,15,45,121,84,9,23,60,83"/><V120/><F102/><W30/><G121/><T89/><D110/><U53/><E108/><V67/><F111/><W129/><G129/><T38/><D126/><U103/><E131/><V117/><F117/><W49/><G72/><T26/><D38/><U133/><E133/><V46/><F67/><W115/><G37/><T97/><D73/><U4/><E77/><V66/><F66/><W122/><G60/><T116/><D116/><U1/><E1/><V19/><F51/><W128/><G122/><T65/><D5/><N who="1" m="2155" /><E27/><V57/><F57/><W58/><G58/><T99/><D24/><U2/><E2/><V114/><F114/><N who="3" m="43563" /><G45/><T79/><D79/><U13/><E69/><V71/><F71/><W3/><G3/><T33/><D33/><U52/><E13/><V85/><F74/><W95/><G95/><T8/><D8/><U118/><E118/><V81/><F76/><N who="3" m="46183" /><G128/><T31/><D65/><U132/><E132/><V119/><F119/><W55/><G15/><T107/><D104/><U20/><E36/><V0/><F0/><W101/><G101/><T125/><D125/><U14/><E42/><V96/><F123/><W43/><G43/><T109/><D109/><U130/><E61/><V7/><F120/><W63/><G63/><T16/><D107/><U18/><E130/><V34/><F48/><W22/><G23/><N who="0" m="13671" /><D100/><U39/><E39/><V40/><F34/><W124/><G124/><T93/><D99/><N who="1" m="59895" /><E53/><V78/><F96/><W44/><G44/><AGARI ba="2,0" hai="14,18,20,28,29,44,50,52" m="59895,2155" machi="44" ten="30,7700,0" yaku="8,1,52,2,54,1" doraHai="25" who="1" fromWho="3" sc="233,0,203,83,377,0,187,-83" /><INIT seed="3,0,0,4,4,118" ten="233,286,377,104" oya="3" hai0="28,44,100,8,60,4,115,25,40,27,101,112,56" hai1="55,132,109,58,72,74,14,73,120,16,30,119,34" hai2="130,68,29,84,79,83,0,20,85,31,135,26,41" hai3="13,105,107,117,123,81,47,134,98,70,24,42,49"/><W7/><G117/><T113/><D44/><U121/><E119/><V82/><F68/><W22/><G70/><T126/><D40/><U90/><E109/><V37/><F130/><W125/><G125/><T57/><D126/><U111/><E111/><V94/><F135/><W104/><G134/><T110/><D110/><U108/><E108/><V3/><F94/><W128/><G128/><T23/><D27/><U36/><E36/><V32/><F41/><W93/><G81/><T69/><D69/><U106/><E106/><V127/><F37/><W102/><G7/><T99/><D99/><U80/><E30/><V45/><F45/><W19/><REACH who="3" step="1"/><G24/><REACH who="3" ten="233,286,377,94" step="2"/><T53/><REACH who="0" step="1"/><D57/><REACH who="0" ten="223,286,377,94" step="2"/><U9/><E132/><V54/><F127/><W95/><G95/><T33/><D33/><U52/><E34/><V2/><F32/><W86/><G86/><T97/><D97/><U62/><E74/><V48/><F85/><W65/><G65/><T66/><D66/><U91/><E73/><V87/><F84/><W78/><G78/><T51/><D51/><U63/><E72/><V88/><F87/><W67/><G67/><T116/><D116/><U96/><E96/><V38/><F79/><W71/><G71/><T11/><D11/><U35/><E35/><V6/><F48/><W131/><G131/><T89/><D89/><U64/><E64/><V21/><F88/><W15/><G15/><AGARI ba="0,2" hai="4,8,15,23,25,28,53,56,60,100,101,112,113,115" machi="15" ten="40,2600,0" yaku="1,1,11,1,53,0" doraHai="118" doraHaiUra="46" who="0" fromWho="3" sc="223,46,286,0,377,0,94,-26" /><INIT seed="4,0,0,2,1,76" ten="269,286,377,68" oya="0" hai0="65,127,83,128,98,40,80,45,78,60,55,30,31" hai1="121,88,104,47,8,7,17,113,14,51,23,44,53" hai2="36,69,72,106,6,120,13,86,34,11,52,37,93" hai3="35,24,133,0,99,109,18,95,107,87,61,9,102"/><T118/><D118/><U116/><E121/><V58/><F120/><W124/><G109/><T132/><D127/><U66/><E116/><V114/><F106/><W115/><G115/><T134/><D128/><U110/><E104/><V48/><F72/><W119/><G119/><T57/><D98/><U74/><E110/><V112/><F34/><W33/><G124/><T131/><D131/><U41/><E74/><V111/><F69/><W85/><G133/><N who="0" m="51307" /><D65/><U25/><E66/><V101/><F111/><W28/><G33/><T49/><D78/><U135/><E135/><V63/><F63/><W12/><G95/><T68/><D68/><U32/><E32/><V1/><F1/><W20/><REACH who="3" step="1"/><G61/><REACH who="3" ten="269,286,377,58" step="2"/><T89/><D89/><U16/><E113/><N who="2" m="43627" /><F101/><W19/><G19/><T105/><D105/><U26/><E88/><AGARI ba="0,1" hai="6,11,13,36,37,48,52,58,86,88,93" m="43627" machi="88" ten="30,3900,0" yaku="15,1,54,2" doraHai="76" who="2" fromWho="1" sc="269,0,286,-39,377,49,58,0" /><INIT seed="5,0,0,1,2,91" ten="269,247,426,58" oya="1" hai0="41,25,100,19,1,108,61,127,119,95,37,89,132" hai1="53,86,12,123,22,35,96,44,124,126,80,9,46" hai2="64,43,73,65,67,32,111,83,122,55,133,62,59" hai3="42,29,120,81,68,105,84,106,7,38,30,69,90"/><U128/><E123/><V6/><F32/><W47/><G120/><T0/><D119/><U50/><E35/><V115/><F122/><W58/><G7/><T28/><D108/><U130/><E22/><V112/><F111/><W8/><G8/><T52/><D100/><U109/><E109/><V118/><F6/><W97/><G58/><N who="0" m="35015" /><D28/><U102/><E46/><V56/><F118/><W34/><G30/><T66/><D66/><U98/><E98/><V11/><F11/><W79/><G105/><T117/><D117/><U92/><E128/><V48/><F43/><W103/><G29/><T113/><D113/><N who="2" m="43594" /><F133/><W18/><G18/><T49/><D37/><U75/><E75/><V107/><F107/><W33/><G33/><T134/><D127/><U125/><E130/><V88/><F73/><W131/><G34/><T71/><D71/><U78/><REACH who="1" step="1"/><E124/><REACH who="1" ten="269,237,426,58" step="2"/><V5/><F64/><W3/><G131/><T72/><D72/><U60/><E60/><V93/><F65/><W76/><G68/><T63/><D63/><U87/><E87/><V116/><F67/><W24/><G69/><T82/><D134/><U31/><E31/><V21/><F62/><W23/><G23/><N who="0" m="13567" /><D132/><U14/><E14/><V39/><F21/><W74/><G3/><T110/><D110/><U99/><E99/><V121/><F121/><W45/><G24/><T94/><D0/><U135/><E135/><V15/><F15/><W70/><G70/><T13/><D13/><U16/><AGARI ba="0,1" hai="9,12,16,44,50,53,78,80,86,92,96,102,125,126" machi="16" ten="30,11700,0" yaku="1,1,0,1,52,1,54,1,53,0" doraHai="91" doraHaiUra="27" who="1" fromWho="1" sc="269,-39,237,127,426,-39,58,-39" /><INIT seed="5,1,0,2,5,80" ten="230,364,387,19" oya="1" hai0="82,18,114,77,79,107,43,74,118,25,48,56,29" hai1="8,70,65,58,35,122,67,11,50,36,134,40,133" hai2="5,116,125,9,6,61,98,62,44,7,0,84,83" hai3="101,55,109,110,90,53,103,130,86,68,127,87,17"/><U69/><E35/><V64/><F116/><W22/><G68/><N who="1" m="26218" /><E8/><V76/><F125/><W115/><G127/><T14/><D114/><U28/><E11/><V135/><F135/><N who="1" m="51721" /><E28/><V57/><F61/><W41/><G115/><T2/><D118/><U104/><E104/><V49/><REACH who="2" step="1"/><F98/><REACH who="2" ten="230,364,377,19" step="2"/><W63/><G130/><T20/><D107/><U95/><E122/><V23/><F23/><W34/><G34/><T45/><D2/><U97/><E97/><V51/><F51/><W120/><G120/><T113/><D113/><U4/><E4/><V71/><F71/><W24/><G110/><T106/><D106/><U121/><E121/><V26/><F26/><W1/><G109/><T126/><D126/><U10/><E10/><V99/><F99/><W102/><G63/><T27/><D25/><U129/><E129/><V91/><F91/><W105/><G90/><T131/><D131/><U37/><E37/><V112/><F112/><W96/><G96/><T33/><D79/><U75/><E36/><V38/><F38/><W21/><G105/><T111/><D111/><U81/><E50/><V124/><F124/><W108/><G108/><T19/><D27/><U94/><E67/><V89/><F89/><W85/><G21/><T16/><D20/><U88/><E88/><V72/><F72/><W12/><G24/><T117/><D117/><U60/><E40/><AGARI ba="1,1" hai="0,5,6,7,9,40,44,49,57,62,64,76,83,84" machi="40" ten="30,3900,0" yaku="1,1,7,1,52,1,53,0" doraHai="80" doraHaiUra="30" who="2" fromWho="1" sc="230,0,364,-42,377,52,19,0" /><INIT seed="6,0,0,2,1,111" ten="230,322,429,19" oya="2" hai0="134,40,36,5,27,104,76,46,13,68,66,49,105" hai1="44,85,4,15,18,91,110,112,79,113,107,128,93" hai2="87,70,77,133,58,126,3,19,0,63,89,1,116" hai3="51,88,120,38,82,10,80,83,115,109,11,132,8"/><V127/><F116/><W118/><G109/><T64/><D134/><U117/><E110/><V25/><F133/><W59/><G132/><T130/><D130/><U69/><E117/><V43/><F70/><W102/><G118/><T86/><D36/><U31/><E128/><V37/><F77/><W67/><G38/><T16/><D27/><U24/><E107/><V125/><F37/><W9/><N who="3" m="2048" /><DORA hai="71" /><W121/><G102/><T42/><D42/><U28/><E4/><V21/><F43/><W108/><G108/><T122/><D122/><U34/><E28/><V94/><REACH who="2" step="1"/><F3/><REACH who="2" ten="230,322,419,19" step="2"/><W131/><G131/><T54/><D5/><U53/><E69/><V96/><F96/><W57/><G115/><T106/><D40/><U78/><E78/><V55/><AGARI ba="0,1" hai="0,1,19,21,25,55,58,63,87,89,94,125,126,127" machi="55" ten="30,6000,0" yaku="1,1,0,1,18,1,53,0" doraHai="111,71" doraHaiUra="60,41" who="2" fromWho="2" sc="230,-20,322,-20,419,70,19,-20" owari="210,-19.0,302,10.2,489,58.9,-1,-50.1" /></mjloggm>