<mjloggm ver="2.3"><GO type="169" lobby="0"/><UN n0="%E3%81%9F%E3%81%8B%E3%81%AF%E3%81%97%E3%81%83%E3%81%83%E3%81%83" n1="%61%6D%61%69%6B%61" n2="%E5%8F%97%E3%81%91%E5%85%A5%E3%82%8C%E9%87%8D%E8%A6%96" n3="%64%65%63%61%64%65" dan="17,17,17,16" rate="2154.59,2186.88,2181.99,2151.66" sx="M,M,M,M"/><TAIKYOKU oya="0"/><INIT seed="0,0,0,4,4,36" ten="250,250,250,250" oya="0" hai0="70,17,38,1,81,122,87,89,76,67,126,13,11" hai1="46,52,103,110,135,116,104,20,134,118,92,37,53" hai2="45,109,125,130,8,61,0,15,66,21,112,131,26" hai3="86,34,59,55,73,132,121,93,60,114,49,42,56"/><T41/><D122/><U127/><E104/><V63/><F0/><W78/><G114/><T83/><D126/><U74/><E74/><V25/><F112/><W80/><G121/><T30/><D30/><U106/><E106/><V3/><F3/><W9/><G132/><N who="1" m="50730" /><E20/><V43/><F125/><W48/><G34/><T33/><D33/><U102/><E127/><V28/><F26/><W72/><G93/><T96/><D1/><U22/><E22/><V24/><F24/><W44/><REACH who="3" step="1"/><G9/><REACH who="3" ten="250,250,250,240" step="2"/><T27/><D11/><U99/><E110/><V29/><F109/><W101/><G101/><T124/><D124/><U39/><E103/><V120/><F120/><W79/><G79/><T12/><D76/><U50/><E118/><V2/><F8/><W98/><G98/><T108/><D96/><U62/><E116/><V77/><F77/><W65/><AGARI ba="0,1" hai="42,44,48,49,55,56,59,60,65,72,73,78,80,86" machi="65" ten="20,5200,0" yaku="1,1,0,1,7,1,52,1,53,0" doraHai="36" doraHaiUra="69" who="3" fromWho="3" sc="250,-26,250,-13,250,-13,240,62" /><INIT seed="1,0,0,5,2,76" ten="224,237,237,302" oya="1" hai0="84,15,108,115,78,54,57,77,56,86,104,114,8" hai1="110,91,14,53,103,109,93,35,135,133,52,18,119" hai2="51,131,16,106,21,0,27,6,62,96,79,81,102" hai3="46,4,75,120,5,10,101,64,13,9,87,72,28"/><U111/><E35/><V99/><F131/><W112/><G120/><T38/><D104/><U67/><E67/><V123/><F123/><W24/><G112/><T82/><D38/><U55/><E103/><V107/><F51/><W85/><G101/><T83/><D108/><U31/><E31/><V105/><F96/><W134/><G134/><N who="1" m="51210" /><E119/><V19/><F19/><W47/><G64/><T68/><D68/><U121/><E121/><V113/><F113/><W125/><G125/><T127/><D127/><U90/><E93/><V71/><F62/><W1/><G75/><T17/><D56/><U69/><E69/><V26/><F27/><W22/><G72/><T65/><D65/><U94/><E94/><V43/><F43/><W116/><G116/><T58/><D57/><U39/><E39/><V63/><F63/><AGARI ba="0,0" hai="8,15,17,54,58,63,77,78,82,83,84,86,114,115" machi="63" ten="30,7700,0" yaku="7,1,9,1,52,2" doraHai="76" who="0" fromWho="2" sc="224,77,237,0,237,-77,302,0" /><INIT seed="2,0,0,3,0,102" ten="301,237,160,302" oya="2" hai0="127,72,132,26,112,70,134,61,55,67,36,121,81" hai1="43,1,122,125,71,75,76,40,8,48,5,73,133" hai2="128,100,97,53,110,6,131,77,60,58,46,115,23" hai3="47,10,78,56,4,41,96,45,126,59,123,116,101"/><V32/><F32/><W95/><G123/><T44/><D121/><U0/><E122/><V120/><F120/><W124/><G116/><T9/><D112/><U135/><E71/><V69/><F115/><W108/><G108/><T21/><D127/><N who="3" m="48681" /><G78/><T111/><D111/><U113/><E113/><V20/><F110/><W33/><G33/><T129/><D129/><U92/><E92/><V103/><F100/><W54/><G54/><T30/><D9/><U31/><E125/><V51/><F69/><W25/><G25/><T80/><D72/><U107/><E31/><V88/><F77/><W82/><G82/><T2/><D2/><U52/><E76/><V93/><F6/><W99/><G99/><T117/><D117/><U91/><E91/><V22/><REACH who="2" step="1"/><F103/><REACH who="2" ten="301,237,150,302" step="2"/><W57/><G41/><AGARI ba="0,1" hai="20,22,23,41,46,51,53,58,60,88,93,97,128,131" machi="41" ten="40,12000,1" yaku="1,1,2,1,54,1,53,1" doraHai="102" doraHaiUra="87" who="2" fromWho="3" sc="301,0,237,0,150,130,302,-120" /><INIT seed="2,1,0,2,3,24" ten="301,237,280,182" oya="2" hai0="58,105,88,77,2,16,67,31,87,65,94,102,18" hai1="45,12,103,85,135,64,101,89,23,133,115,130,34" hai2="1,69,3,51,90,36,134,116,110,60,17,20,6" hai3="66,71,127,27,22,125,95,37,91,99,41,80,11"/><V70/><F36/><W42/><G11/><T114/><D114/><U121/><E34/><V44/><F116/><W109/><G109/><T4/><D2/><U13/><E115/><V84/><F134/><N who="1" m="51209" /><E64/><N who="0" m="24649" /><D4/><U124/><E130/><V123/><F123/><W98/><G71/><T28/><D105/><U21/><E45/><V74/><F74/><W63/><G80/><N who="0" m="47503" /><D102/><N who="1" m="38923" /><E124/><V40/><F110/><W100/><G37/><T122/><D58/><U38/><E38/><V117/><F117/><W5/><G5/><T32/><D32/><U52/><E52/><V59/><F6/><W49/><G49/><T76/><D76/><U83/><E121/><V68/><F59/><W35/><G35/><T111/><D111/><U33/><E33/><V132/><F60/><W48/><G48/><T53/><D53/><U54/><E54/><V126/><F126/><N who="3" m="48139" /><G63/><T61/><D61/><U79/><E79/><V96/><F132/><W7/><G7/><T30/><D122/><U15/><AGARI ba="1,0" hai="12,13,15,21,23,83,85,89" m="38923,51209" machi="15" ten="40,1500,0" yaku="20,1" doraHai="24" who="1" fromWho="1" sc="301,-5,237,18,280,-8,182,-5" /><INIT seed="3,0,0,1,3,2" ten="296,255,272,177" oya="3" hai0="134,42,135,20,58,19,87,53,14,11,112,27,24" hai1="70,10,57,88,111,83,110,65,89,12,78,46,84" hai2="32,4,59,34,108,37,44,56,118,64,107,73,5" hai3="13,23,76,113,35,109,48,74,96,119,36,9,80"/><W127/><G119/><T40/><D112/><U129/><E70/><V61/><F118/><W63/><G113/><T125/><D125/><U102/><E129/><V90/><F107/><W6/><G35/><T93/><D24/><U95/><E46/><V41/><F73/><W82/><G127/><T3/><D3/><U54/><E65/><V116/><F116/><W106/><G36/><T133/><D87/><U115/><E115/><V81/><F108/><N who="1" m="41513" /><E102/><V130/><F130/><W67/><G109/><T66/><D66/><U31/><E31/><V69/><F32/><W123/><G123/><T91/><D91/><U104/><E104/><V126/><F34/><W128/><G128/><T86/><D86/><U21/><E21/><V132/><F126/><W18/><G48/><N who="0" m="31015" /><D93/><U121/><E95/><V71/><F132/><W120/><G120/><T8/><D8/><U43/><E43/><V55/><F71/><W60/><G82/><T114/><D114/><U38/><E38/><V1/><F1/><W50/><G50/><T33/><D33/><U45/><E45/><V16/><F59/><W39/><G39/><T22/><D22/><U17/><E121/><V30/><F30/><AGARI ba="0,0" hai="11,14,19,20,27,30,40,42,133,134,135" m="31015" machi="30" ten="30,1000,0" yaku="20,1" doraHai="2" who="0" fromWho="2" sc="296,10,255,0,272,-10,177,0" /><INIT seed="4,0,0,3,4,40" ten="306,255,262,177" oya="0" hai0="86,8,75,13,102,62,108,33,90,55,92,7,54" hai1="131,30,91,67,133,111,127,119,118,74,41,125,88" hai2="11,52,50,66,39,95,37,27,9,34,97,124,72" hai3="1,35,58,117,96,28,115,10,29,122,109,6,100"/><T32/><D108/><U46/><E30/><V42/><F72/><W123/><G117/><T14/><D75/><U77/><E111/><V128/><F66/><W19/><G109/><T99/><D13/><U24/><E24/><V59/><F124/><N who="1" m="47689" /><E67/><V70/><F70/><W120/><G115/><T130/><D130/><U64/><E64/><V132/><F128/><W38/><G58/><T53/><REACH who="0" step="1"/><D62/><REACH who="0" ten="296,255,262,177" step="2"/><U4/><E131/><V26/><F132/><W82/><G120/><T87/><D87/><U84/><E133/><V61/><F61/><W112/><G122/><T98/><D98/><U56/><E84/><V114/><F114/><W48/><G96/><T12/><D12/><U5/><E74/><V25/><F34/><W60/><G35/><T17/><D17/><U3/><E119/><V16/><F16/><W36/><G19/><T113/><D113/><U93/><E118/><V18/><F18/><W110/><G112/><T116/><D116/><U94/><E4/><V22/><F97/><W129/><G129/><T47/><D47/><U85/><E5/><V51/><F22/><W106/><G6/><T31/><D31/><U76/><E46/><V105/><F9/><W83/><G10/><T0/><D0/><U80/><E3/><V68/><F11/><W43/><G1/><T104/><AGARI ba="0,1" hai="7,8,14,32,33,53,54,55,86,90,92,99,102,104" machi="104" ten="30,3000,0" yaku="1,1,0,1,53,0" doraHai="40" doraHaiUra="69" who="0" fromWho="0" sc="296,40,255,-10,262,-10,177,-10" /><INIT seed="4,1,0,1,0,114" ten="336,245,252,167" oya="0" hai0="69,62,0,67,4,18,73,117,12,80,127,82,76" hai1="96,42,47,43,118,24,135,91,92,1,51,8,27" hai2="36,84,53,26,41,64,54,44,30,33,9,100,71" hai3="13,105,83,79,68,89,25,132,65,133,101,87,130"/><T7/><D127/><U74/><E74/><V107/><F84/><W16/><G130/><T70/><D70/><U81/><E135/><V109/><F9/><W45/><G25/><T61/><D0/><U38/><E38/><V122/><F109/><W95/><G65/><T102/><D62/><U60/><E42/><V58/><F58/><W57/><G68/><T34/><D34/><U10/><E118/><V103/><F122/><W22/><G45/><T35/><D35/><U106/><E106/><V6/><F6/><W37/><G37/><T49/><D117/><U59/><E81/><V126/><F126/><W115/><G115/><T40/><D102/><U5/><REACH who="1" step="1"/><E10/><REACH who="1" ten="336,235,252,167" step="2"/><V50/><F36/><W112/><G112/><T56/><D80/><U134/><E134/><V23/><F107/><W78/><G78/><T113/><D113/><U52/><AGARI ba="1,1" hai="1,5,8,24,27,43,47,51,52,59,60,91,92,96" machi="52" ten="20,8000,1" yaku="1,1,0,1,7,1,54,1,53,1" doraHai="114" doraHaiUra="88" who="1" fromWho="1" sc="336,-41,235,93,252,-21,167,-21" /><INIT seed="5,0,0,5,5,129" ten="295,328,231,146" oya="1" hai0="1,90,79,41,83,2,33,65,34,134,0,62,87" hai1="120,21,80,107,98,20,9,10,117,18,122,60,48" hai2="114,11,93,16,75,131,36,97,127,103,27,12,116" hai3="59,101,37,61,130,43,46,110,85,77,92,81,45"/><U6/><E117/><V3/><F116/><W42/><G130/><T29/><D41/><U128/><E128/><V58/><F131/><W88/><G110/><T38/><D38/><U121/><E60/><V132/><F36/><W124/><G124/><T72/><D29/><U22/><E48/><V135/><F127/><W123/><G123/><T67/><D67/><U39/><E39/><V56/><F114/><W63/><G101/><T17/><D17/><U109/><E80/><V74/><F3/><W52/><G43/><T35/><D90/><U13/><E98/><V76/><F27/><W8/><G8/><T84/><REACH who="0" step="1"/><D134/><REACH who="0" ten="285,328,231,146" step="2"/><N who="2" m="51242" /><F76/><W104/><G104/><T53/><D53/><U70/><E120/><V106/><F106/><W112/><G112/><T28/><D28/><U95/><E107/><V4/><F16/><W73/><REACH who="3" step="1"/><G45/><REACH who="3" ten="285,328,231,136" step="2"/><T118/><D118/><U115/><E18/><V55/><F56/><AGARI ba="0,2" hai="0,1,2,33,34,35,56,62,65,72,79,83,84,87" machi="56" ten="50,1600,0" yaku="1,1,53,0" doraHai="129" doraHaiUra="94" who="0" fromWho="2" sc="285,36,328,0,231,-16,136,0" /><INIT seed="6,0,0,4,5,123" ten="321,328,215,136" oya="2" hai0="36,80,61,134,96,120,13,77,46,105,131,33,71" hai1="58,86,55,88,12,4,73,37,91,100,135,57,21" hai2="10,94,56,17,64,24,133,119,60,16,95,127,38" hai3="87,98,89,5,76,115,118,102,99,106,59,109,81"/><V117/><F38/><W85/><G5/><T0/><D120/><U122/><E73/><V112/><F112/><W29/><G29/><T26/><D13/><U116/><E37/><V126/><F133/><W27/><G27/><T62/><D131/><U97/><E116/><N who="2" m="44619" /><F10/><W54/><G118/><T3/><D61/><U1/><E1/><V72/><F72/><W128/><G128/><T101/><D134/><U34/><E34/><V125/><F24/><W74/><G115/><T67/><D80/><U35/><E35/><V78/><F78/><W48/><G99/><T43/><D77/><U20/><E97/><V7/><F7/><W130/><G130/><T129/><D129/><U53/><E4/><V79/><F79/><W14/><G14/><T69/><D69/><U30/><E12/><V83/><F83/><W75/><G75/><T124/><D124/><U103/><E122/><V47/><F47/><W108/><REACH who="3" step="1"/><G87/><REACH who="3" ten="321,328,215,126" step="2"/><T15/><D15/><U65/><E86/><V51/><F51/><W25/><G25/><T132/><D132/><U22/><E135/><V11/><F11/><W2/><G2/><T92/><D26/><U114/><E114/><V6/><F6/><W31/><G31/><T8/><D8/><U52/><E30/><V39/><F39/><W84/><G84/><T93/><D33/><U107/><E20/><V121/><F121/><W42/><G42/><T28/><D28/><U40/><E21/><V82/><F82/><AGARI ba="0,1" hai="48,54,59,74,76,81,82,85,89,98,102,106,108,109" machi="82" ten="30,7700,0" yaku="1,1,7,1,52,2,53,0" doraHai="123" doraHaiUra="9" who="3" fromWho="2" sc="321,0,328,0,215,-77,126,87" /><INIT seed="7,0,0,0,1,0" ten="321,328,138,213" oya="3" hai0="123,67,25,91,45,7,30,13,26,43,111,63,128" hai1="81,74,32,14,116,18,66,108,103,85,84,86,76" hai2="38,119,71,95,99,125,79,24,34,82,94,47,70" hai3="59,115,130,10,12,21,60,35,29,100,69,101,55"/><W133/><G115/><T62/><D111/><U109/><E32/><V33/><F119/><W118/><G118/><T57/><D123/><U2/><E116/><V92/><F125/><W8/><G35/><T64/><D128/><U72/><E2/><V36/><F99/><W4/><G130/><T122/><D122/><U16/><E66/><V80/><F94/><W120/><G120/><T117/><D117/><U93/><E16/><V129/><F129/><W110/><G110/><T46/><D91/><U124/><E124/><V75/><F47/><N who="0" m="17930" /><D30/><U135/><E72/><V106/><F24/><N who="0" m="9322" /><D43/><U131/><E135/><V98/><F98/><W39/><G39/><T1/><D1/><U114/><E114/><V83/><F83/><W96/><G69/><T19/><D7/><U102/><E131/><V73/><REACH who="2" step="1"/><F79/><REACH who="2" ten="321,328,128,213" step="2"/><W90/><G96/><T107/><D107/><AGARI ba="0,1" hai="33,34,36,38,70,71,73,75,80,82,92,95,106,107" machi="107" ten="25,12000,2" yaku="1,1,2,1,22,2,53,2" doraHai="0" doraHaiUra="68" who="2" fromWho="0" sc="321,-120,328,0,128,130,213,0" owari="201,-29.9,328,42.8,258,5.8,213,-18.7" /></mjloggm>