<mjloggm ver="2.3"><GO type="169" lobby="0"/><UN n0="%E3%81%BF%E3%82%8B%E3%81%BC%E3%82%93" n1="%E3%80%93%E6%96%B0%E5%AD%90%E6%86%A7%E3%80%93" n2="%E6%84%9A%E5%85%84%E3%81%8C%E6%84%9A%E5%BD%A2" n3="%4D%4A%E6%9C%80%E5%BC%B7%E4%BD%8D" dan="16,16,17,17" rate="2082.63,2116.24,2149.97,2211.88" sx="M,F,M,M"/><TAIKYOKU oya="0"/><INIT seed="0,0,0,3,3,105" ten="250,250,250,250" oya="0" hai0="16,30,14,37,121,47,132,3,95,6,130,92,116" hai1="71,32,18,59,57,72,73,123,134,97,50,85,75" hai2="56,31,52,93,46,103,62,124,60,49,67,122,20" hai3="28,44,76,9,96,90,88,77,45,10,118,1,78"/><T33/><D121/><U117/><E117/><V111/><F111/><W68/><G68/><T15/><D116/><U0/><E123/><V100/><F124/><W40/><G118/><T8/><D132/><U70/><E0/><V21/><F122/><W128/><G128/><T84/><D130/><U110/><E32/><V55/><F31/><W39/><G28/><T69/><D69/><N who="1" m="26123" /><E85/><V35/><F35/><W27/><G27/><N who="0" m="18655" /><D84/><U36/><E18/><V120/><F120/><W12/><G44/><T74/><D14/><U25/><E25/><V86/><F86/><W126/><G126/><T64/><D64/><U42/><E50/><V135/><F135/><W48/><G39/><T66/><D66/><U115/><E134/><V108/><F108/><W26/><G26/><T112/><D74/><U63/><E110/><V83/><F83/><W114/><G114/><T87/><D87/><U4/><E36/><V11/><F11/><W91/><G1/><T61/><D112/><U113/><E4/><V80/><F80/><W53/><G53/><T106/><D61/><U109/><E109/><V104/><F93/><N who="3" m="56359" /><G9/><T54/><D106/><U102/><E115/><V7/><F104/><W89/><G76/><T107/><D107/><N who="1" m="63951" /><E113/><V34/><F34/><W65/><G65/><T17/><D17/><AGARI ba="0,0" hai="10,12,17,40,45,48,77,78,89,90,91" m="56359" machi="17" ten="30,2000,0" yaku="8,1,54,1" doraHai="105" who="3" fromWho="0" sc="250,-20,250,0,250,0,250,20" /><INIT seed="1,0,0,3,2,80" ten="230,250,250,270" oya="1" hai0="134,48,21,42,56,5,45,121,91,52,51,120,105" hai1="19,94,2,13,115,34,44,95,83,118,131,31,58" hai2="89,41,38,130,124,127,97,71,29,1,17,55,11" hai3="75,9,125,119,54,59,96,14,63,117,114,35,50"/><U62/><E118/><N who="3" m="45066" /><G75/><T22/><D105/><U43/><E115/><V82/><F71/><W86/><G35/><T85/><D5/><U57/><E2/><V103/><F29/><W23/><G114/><T70/><D70/><U7/><E131/><V84/><F55/><W93/><G23/><T135/><D21/><U25/><E7/><V76/><F41/><W30/><G30/><T67/><D22/><U47/><E47/><V123/><F38/><W18/><G125/><N who="2" m="48201" /><F123/><N who="0" m="47178" /><D67/><U24/><E24/><V8/><F130/><W107/><G107/><T20/><D20/><U132/><E132/><V39/><F39/><W128/><G128/><T66/><D66/><U113/><E113/><V12/><F11/><W116/><G116/><T3/><D3/><U126/><E126/><V40/><F1/><W65/><G86/><T110/><D110/><U79/><E13/><V28/><F28/><W53/><G50/><T88/><D91/><AGARI ba="0,0" hai="9,14,18,53,54,59,63,65,91,93,96" m="45066" machi="91" ten="30,1000,0" yaku="12,1" doraHai="80" who="3" fromWho="0" sc="230,-10,250,0,250,0,270,10" /><INIT seed="2,0,0,4,3,7" ten="220,250,250,280" oya="2" hai0="95,26,107,31,134,129,135,48,85,20,88,17,35" hai1="11,68,105,102,54,77,8,118,84,91,130,39,6" hai2="120,83,112,71,57,53,61,117,37,46,82,111,99" hai3="79,15,50,40,47,96,89,24,56,116,109,114,45"/><V132/><F112/><W81/><G116/><T86/><D107/><U19/><E118/><V63/><F117/><W18/><G114/><T60/><D129/><U100/><E39/><V75/><F120/><W58/><G24/><T97/><D60/><U74/><E68/><V55/><F75/><W124/><G109/><T32/><D48/><U98/><E130/><V1/><F1/><W30/><G30/><T70/><D70/><U34/><E34/><V9/><F132/><N who="0" m="50730" /><D35/><U72/><E102/><V44/><F99/><W27/><G27/><AGARI ba="0,0" hai="17,20,26,27,31,32,85,86,88,95,97" m="50730" machi="27" ten="30,2000,0" yaku="20,1,54,1" doraHai="7" who="0" fromWho="3" sc="220,20,250,0,250,0,280,-20" /><INIT seed="3,0,0,5,3,113" ten="240,250,250,260" oya="3" hai0="135,4,47,118,33,132,5,41,50,1,46,114,75" hai1="105,123,110,26,93,109,35,71,60,22,101,126,91" hai2="34,24,32,16,21,38,112,100,56,134,59,23,61" hai3="53,37,76,44,106,98,131,94,19,67,73,42,82"/><W57/><G131/><T115/><D75/><U124/><E35/><V81/><F38/><W104/><G67/><T31/><D47/><U30/><E123/><V51/><F134/><N who="0" m="51242" /><D118/><U70/><E101/><V102/><F112/><N who="0" m="43050" /><D1/><U119/><E105/><V95/><F81/><W8/><G19/><T96/><D96/><N who="1" m="57407" /><E119/><V87/><F32/><W20/><G20/><T29/><D33/><U130/><E130/><V65/><F34/><W13/><G13/><T11/><D11/><U117/><E117/><V10/><F10/><W7/><G7/><AGARI ba="0,0" hai="4,5,7,29,31,41,46,50" m="43050,51242" machi="7" ten="30,2000,0" yaku="20,1,11,1" doraHai="113" who="0" fromWho="3" sc="240,20,250,0,250,0,260,-20" /><INIT seed="4,0,0,4,0,63" ten="260,250,250,240" oya="0" hai0="5,129,0,75,39,113,28,70,67,27,125,77,32" hai1="133,127,71,83,8,20,61,22,44,92,57,116,114" hai2="62,78,80,64,101,55,104,117,72,30,25,50,41" hai3="122,134,85,16,89,97,105,23,132,6,31,56,110"/><T76/><D113/><U9/><E116/><V47/><F117/><W2/><G110/><T120/><D120/><U99/><E114/><V107/><F41/><W119/><G119/><T82/><D77/><U118/><E118/><V112/><F101/><W38/><G38/><T26/><D26/><U48/><E71/><V34/><REACH who="2" step="1"/><F112/><REACH who="2" ten="260,250,240,240" step="2"/><W40/><G40/><T10/><D129/><U46/><E127/><V43/><F43/><W74/><G122/><T94/><D125/><U17/><E133/><V95/><F95/><W14/><G132/><T29/><D94/><U135/><E135/><V106/><F106/><W33/><G134/><T128/><D128/><U73/><E92/><V21/><F21/><W42/><G42/><T111/><D111/><U79/><E20/><V93/><F93/><W60/><G105/><T19/><D28/><U49/><E99/><V84/><F84/><W7/><G97/><T65/><D39/><U59/><E22/><V124/><F124/><W11/><G74/><T108/><D108/><U4/><E73/><V103/><F103/><W87/><G89/><T58/><D70/><AGARI ba="0,1" hai="25,30,34,47,50,55,62,64,70,72,78,80,104,107" machi="70" ten="30,3900,0" yaku="1,1,7,1,52,1,53,0" doraHai="63" doraHaiUra="15" who="2" fromWho="0" sc="260,-39,250,0,240,49,240,0" /><INIT seed="5,0,0,1,3,13" ten="221,250,289,240" oya="1" hai0="25,0,40,90,68,121,39,80,21,65,86,57,74" hai1="24,63,50,27,31,107,66,67,131,1,120,56,70" hai2="72,88,9,49,20,48,28,16,109,11,26,101,83" hai3="104,29,106,79,99,112,35,14,18,125,64,10,100"/><U46/><E120/><V124/><F109/><W44/><G112/><T98/><D121/><U84/><E131/><V119/><F119/><W43/><G125/><T61/><D0/><U78/><E107/><V76/><F101/><W55/><G64/><T94/><D74/><U2/><E24/><V82/><F124/><W81/><G55/><T117/><D117/><U123/><E123/><V93/><F83/><W36/><G29/><T73/><D73/><U3/><E78/><V134/><F134/><W113/><G113/><T58/><D39/><U37/><E84/><V95/><F95/><W96/><G35/><T133/><D40/><U118/><E37/><V47/><F28/><W54/><G54/><T87/><D87/><U126/><E118/><V114/><F49/><W129/><G129/><T130/><D133/><U127/><E67/><V52/><F114/><W122/><G122/><T51/><D51/><U12/><E12/><V92/><F92/><W7/><G96/><AGARI ba="0,0" hai="9,11,16,20,26,47,48,52,72,76,82,88,93,96" machi="96" ten="30,8000,1" yaku="7,1,52,1,54,3" doraHai="13" who="2" fromWho="3" sc="221,0,250,0,289,80,240,-80" /><INIT seed="6,0,0,1,1,104" ten="221,250,369,160" oya="2" hai0="14,60,64,98,1,24,108,102,44,95,4,100,130" hai1="31,47,131,123,52,120,128,67,18,33,118,78,68" hai2="13,112,53,48,42,111,93,116,21,117,65,105,80" hai3="30,91,109,94,27,114,66,54,10,37,79,88,5"/><V34/><F34/><W76/><G109/><T83/><D108/><U85/><E18/><V113/><F105/><W82/><G37/><T70/><D1/><U71/><E31/><V73/><F65/><W29/><G66/><T58/><D130/><N who="1" m="49707" /><E33/><V25/><F13/><W63/><G114/><N who="2" m="44137" /><F42/><W134/><G134/><T133/><D133/><U135/><E135/><V19/><F93/><W75/><G76/><T12/><D24/><U8/><E8/><V43/><F43/><W23/><G30/><T7/><D102/><U51/><E118/><V61/><F61/><W119/><G119/><T101/><D101/><U45/><E45/><N who="2" m="27791" /><F111/><W72/><G72/><T38/><D83/><N who="1" m="47351" /><E67/><V115/><F115/><W99/><G63/><T96/><D70/><AGARI ba="0,0" hai="47,51,52,68,70,71,120,123" m="47351,49707" machi="70" ten="30,2000,0" yaku="19,1,54,1" doraHai="104" who="1" fromWho="0" sc="221,-20,250,20,369,0,160,0" /><INIT seed="7,0,0,2,3,57" ten="201,270,369,160" oya="3" hai0="32,96,41,113,95,20,49,30,130,38,126,29,15" hai1="117,100,28,21,1,129,108,65,13,19,104,27,46" hai2="119,47,102,107,51,40,89,42,91,33,36,10,25" hai3="94,68,114,58,31,73,3,60,71,80,50,105,12"/><W8/><G105/><T70/><D130/><U55/><E108/><V37/><F51/><W53/><G3/><T63/><D126/><U106/><E129/><V123/><F119/><W92/><G31/><T22/><D38/><U79/><E117/><V35/><F10/><W23/><G23/><T59/><D70/><U77/><E1/><V45/><F123/><W74/><G114/><T110/><D110/><U131/><E131/><V125/><F125/><W87/><G73/><T97/><D97/><U44/><E65/><V85/><F25/><W118/><G74/><T61/><D32/><U132/><E132/><V4/><F4/><W24/><G24/><T88/><D113/><U66/><E66/><V16/><F16/><W82/><G82/><T17/><D22/><U48/><E44/><V62/><F62/><N who="0" m="23562" /><D59/><U103/><E106/><V39/><F39/><W72/><G72/><T54/><D54/><U56/><E56/><V83/><F37/><W26/><G26/><T52/><D52/><U43/><E55/><V128/><F36/><W101/><G118/><T81/><D81/><U134/><E134/><V120/><F83/><W76/><G101/><N who="1" m="38986" /><E104/><V78/><F107/><W112/><G112/><T109/><D109/><U7/><E28/><V90/><F33/><W86/><G50/><T64/><D64/><U116/><E116/><V69/><F35/><W127/><G127/><T93/><D93/><N who="3" m="35945" /><G87/><T67/><D67/><U84/><E84/><V18/><F85/><W2/><G2/><T0/><D0/><U115/><E115/><V11/><F128/><W6/><AGARI ba="0,0" hai="6,8,12,53,58,60,68,71,76,80,86" m="35945" machi="6" ten="30,3000,0" yaku="5,1,52,1" doraHai="57" who="3" fromWho="3" sc="201,-10,270,-10,369,-10,160,30" /><INIT seed="7,1,0,2,0,117" ten="191,260,359,190" oya="3" hai0="22,95,20,43,26,12,23,18,34,5,100,64,46" hai1="128,11,79,41,50,71,75,33,54,31,67,40,36" hai2="37,106,113,107,132,91,44,103,134,80,78,58,101" hai3="83,19,59,118,52,6,13,82,35,48,110,9,104"/><W39/><G118/><T68/><D68/><U81/><E128/><V30/><F30/><W85/><G39/><T119/><D119/><U3/><E33/><V21/><F21/><W16/><G104/><T115/><D64/><U111/><E31/><V25/><F25/><W94/><G35/><T76/><D76/><U93/><E111/><V14/><F14/><W90/><G110/><T47/><D115/><U57/><E36/><V15/><F15/><W108/><G108/><T102/><D34/><U99/><E71/><V116/><F91/><W62/><G62/><T74/><D74/><U114/><E67/><V77/><F113/><W88/><G82/><T96/><D102/><U86/><E75/><V4/><F4/><W120/><G120/><T38/><D47/><U56/><E56/><V105/><F58/><W84/><AGARI ba="1,0" hai="6,9,13,16,19,48,52,59,83,84,85,88,90,94" machi="84" ten="20,18000,2" yaku="0,1,7,1,8,1,54,3" doraHai="117" who="3" fromWho="3" sc="191,-61,260,-61,359,-61,190,183" owari="130,-37.0,199,-20.1,298,9.8,373,47.3" /></mjloggm>