<mjloggm ver="2.3"><GO type="169" lobby="0"/><UN n0="%E5%8D%83%E8%8D%89%E5%8F%B0" n1="%E9%BA%BB%E9%9B%80%E7%A0%94%E7%A9%B6%E9%83%A8" n2="%E5%B9%BB%E9%A6%AC%E9%B9%BF%E5%BA%B5" n3="%E3%81%8A%E3%81%AF%44%E3%83%9D%E3%83%86%E3%83%88" dan="17,17,16,17" rate="2131.17,2199.67,2019.67,2167.87" sx="M,M,M,F"/><TAIKYOKU oya="0"/><INIT seed="0,0,0,3,1,47" ten="250,250,250,250" oya="0" hai0="126,94,120,79,32,103,128,89,106,17,67,83,93" hai1="134,97,5,51,122,69,7,96,0,64,105,8,65" hai2="28,10,124,54,48,95,74,111,132,82,130,60,87" hai3="102,72,88,86,125,113,110,18,84,68,117,127,108"/><T31/><D120/><U3/><E122/><V56/><F111/><N who="3" m="42539" /><G68/><T81/><D67/><U91/><E134/><V73/><F132/><W12/><G72/><T135/><D135/><U23/><E69/><V123/><F123/><W11/><G113/><T133/><D133/><U62/><E105/><V44/><F130/><W24/><G117/><T85/><D31/><U121/><E121/><V42/><F124/><N who="3" m="47691" /><G102/><T107/><D17/><U63/><E23/><V90/><F28/><W59/><G24/><T34/><D34/><U109/><E109/><V66/><F10/><W13/><G13/><T104/><D32/><U45/><E45/><V114/><F114/><W75/><G75/><N who="0" m="43263" /><D128/><U46/><E46/><V20/><F20/><W112/><G112/><T29/><D29/><U57/><E91/><V119/><F119/><W99/><G59/><T129/><D129/><U22/><E57/><V101/><REACH who="2" step="1"/><F42/><REACH who="2" ten="250,250,240,250" step="2"/><W50/><G50/><T92/><D126/><U52/><E22/><V43/><F43/><W53/><G53/><T70/><D70/><U6/><E51/><V9/><F9/><W21/><G11/><T14/><D14/><U77/><E52/><V35/><F35/><W100/><G100/><AGARI ba="0,1" hai="83,85,89,92,93,94,100,103,104,106,107" m="43263" machi="100" ten="40,12000,1" yaku="35,5" doraHai="47" who="0" fromWho="3" sc="250,130,250,0,240,0,250,-120" /><INIT seed="0,1,0,5,4,9" ten="380,250,240,130" oya="0" hai0="84,133,45,1,121,39,122,25,72,55,115,68,103" hai1="20,13,106,105,98,41,30,81,92,104,132,100,90" hai2="34,38,33,102,67,17,89,42,16,15,75,125,135" hai3="0,12,107,119,8,83,44,113,71,66,116,14,73"/><T23/><D1/><U46/><E132/><V95/><F75/><W65/><G113/><T110/><D72/><U112/><E112/><V86/><F135/><W78/><G107/><T51/><D115/><U130/><E130/><V109/><F109/><W80/><G0/><T82/><D68/><U131/><E131/><V70/><F125/><W126/><G126/><T118/><D118/><U62/><E62/><V108/><F108/><W24/><G80/><T37/><D110/><U19/><E30/><V27/><F67/><W123/><G123/><T5/><D5/><U29/><E29/><V53/><F53/><W60/><G66/><T11/><D11/><U43/><E81/><V26/><F70/><W124/><G124/><T114/><D114/><U101/><REACH who="1" step="1"/><E41/><REACH who="1" ten="380,240,240,130" step="2"/><V49/><F42/><W128/><G128/><T93/><D133/><U50/><AGARI ba="1,1" hai="13,19,20,43,46,50,90,92,98,100,101,104,105,106" machi="50" ten="30,7900,0" yaku="1,1,2,1,0,1,52,1,53,0" doraHai="9" doraHaiUra="54" who="1" fromWho="1" sc="380,-40,240,92,240,-21,130,-21" /><INIT seed="1,0,0,0,1,81" ten="340,332,219,109" oya="1" hai0="91,135,12,103,80,9,115,116,18,45,58,62,32" hai1="88,44,30,23,35,125,92,128,119,61,123,63,42" hai2="26,41,52,78,101,34,55,59,74,72,8,122,1" hai3="22,51,108,89,77,76,40,70,117,50,99,90,107"/><U79/><E119/><V84/><F122/><W14/><G70/><T83/><D32/><U10/><E35/><V48/><F101/><W31/><G117/><T75/><D116/><U126/><E123/><V113/><F113/><W24/><G107/><T21/><D103/><U85/><E128/><V100/><F100/><W112/><G112/><T39/><D135/><U97/><E10/><V106/><F106/><W20/><G108/><T46/><D39/><U105/><E105/><V37/><F37/><W6/><G99/><T57/><D57/><U93/><E30/><V121/><F41/><W98/><G98/><T49/><D75/><U87/><E23/><V65/><F65/><W66/><G66/><T130/><D130/><U3/><E3/><V111/><F55/><W19/><G6/><T134/><D80/><N who="1" m="47263" /><E92/><V11/><F111/><W96/><G96/><T64/><D134/><U131/><E97/><V15/><F1/><W71/><G71/><T114/><D114/><U132/><E132/><V16/><F11/><W73/><G73/><T29/><D29/><U28/><E28/><V5/><F34/><W17/><G31/><T94/><D21/><U86/><E86/><V25/><F121/><W53/><G14/><T118/><D118/><U133/><E133/><V43/><F74/><W36/><G36/><T56/><D83/><U124/><E131/><V4/><F72/><W95/><G24/><N who="2" m="9321" /><F43/><W102/><G40/><T33/><D33/><U127/><E127/><V129/><F129/><W7/><G102/><T27/><D115/><U2/><E2/><V69/><F69/><RYUUKYOKU ba="0,0" sc="340,-15,332,15,219,15,109,-15" hai1="42,44,61,63,87,88,93,124,125,126" hai2="4,5,8,15,16,48,52,59,78,84" /><INIT seed="1,1,0,4,5,106" ten="325,347,234,94" oya="1" hai0="135,45,17,5,63,130,67,83,68,36,51,134,100" hai1="118,33,102,59,120,2,34,62,38,56,57,65,39" hai2="78,127,28,75,25,74,58,126,54,49,20,116,7" hai3="66,82,53,92,43,112,71,60,44,119,37,29,90"/><U115/><E118/><V3/><F116/><W4/><G119/><T114/><D100/><U91/><E120/><V14/><F3/><W123/><G123/><T125/><D5/><U128/><E2/><V32/><F78/><W99/><G112/><T85/><D114/><U109/><E115/><V6/><F6/><W47/><G4/><T89/><D36/><U23/><E128/><V88/><F88/><W117/><G117/><T61/><D61/><U24/><E102/><V93/><F93/><W101/><G29/><T13/><D125/><N who="2" m="47626" /><F20/><W48/><REACH who="3" step="1"/><G82/><REACH who="3" ten="325,347,234,84" step="2"/><T96/><D130/><U15/><E109/><V95/><F95/><W97/><G97/><T86/><D96/><U129/><E129/><V79/><F79/><W52/><G52/><T103/><D103/><AGARI ba="1,1" hai="37,43,44,47,48,53,60,66,71,90,92,99,101,103" machi="103" ten="40,1300,0" yaku="1,1,53,0" doraHai="106" doraHaiUra="11" who="3" fromWho="0" sc="325,-16,347,0,234,0,84,26" /><INIT seed="2,0,0,0,0,122" ten="309,347,234,110" oya="2" hai0="60,15,67,104,81,64,105,91,54,114,123,31,84" hai1="38,80,23,13,1,22,34,30,56,71,101,83,97" hai2="102,113,135,87,115,93,82,129,57,59,20,112,53" hai3="124,12,70,11,39,2,19,133,27,52,50,127,6"/><V107/><F107/><W134/><G39/><T46/><D123/><U96/><E71/><V17/><F135/><N who="3" m="51723" /><G70/><T45/><D45/><U73/><E1/><V42/><F42/><W28/><G50/><T14/><D67/><U51/><E38/><V125/><F125/><N who="3" m="48203" /><G52/><T8/><D15/><U111/><E111/><V128/><F93/><W33/><G2/><T25/><D114/><U55/><E97/><V90/><F102/><W43/><G43/><T103/><D103/><U72/><E34/><V106/><F106/><W37/><G37/><T132/><D132/><U95/><E73/><V49/><REACH who="2" step="1"/><F59/><REACH who="2" ten="309,347,224,110" step="2"/><W62/><G62/><T26/><D105/><U48/><E56/><V63/><F63/><W16/><AGARI ba="0,1" hai="6,11,12,16,19,27,28,33" m="48203,51723" machi="16" ten="40,8000,1" yaku="20,1,18,1,34,2,54,1" doraHai="122" who="3" fromWho="3" sc="309,-20,347,-20,224,-40,110,90" /><INIT seed="3,0,0,4,3,123" ten="289,327,184,200" oya="3" hai0="59,79,73,76,14,11,47,118,3,35,67,95,26" hai1="28,92,7,42,116,112,124,71,120,128,10,13,65" hai2="38,94,64,34,126,69,115,12,91,4,84,93,78" hai3="108,68,74,39,129,24,19,44,88,48,132,109,55"/><W99/><G129/><T82/><D79/><U2/><E120/><V96/><F34/><W45/><G74/><T127/><D118/><U50/><E116/><V121/><F38/><W102/><G68/><T29/><D127/><U89/><E124/><V31/><F121/><W80/><G132/><T57/><D3/><U1/><E128/><V9/><F115/><W46/><G39/><T8/><D8/><U21/><E71/><V83/><F126/><W60/><G60/><T72/><D72/><U62/><E42/><V41/><F31/><W22/><G80/><T122/><D67/><U17/><E50/><V43/><F69/><W63/><G63/><T16/><D122/><U15/><E28/><V104/><F64/><W90/><G102/><T107/><D107/><U20/><E20/><V98/><REACH who="2" step="1"/><F104/><REACH who="2" ten="289,327,174,200" step="2"/><W85/><G99/><T54/><D35/><U119/><E112/><V77/><F77/><W5/><G5/><T135/><D29/><U101/><E119/><V70/><F70/><W97/><G97/><T32/><D32/><U61/><E65/><V105/><F105/><W125/><G125/><T130/><D76/><U66/><E66/><V103/><AGARI ba="0,1" hai="4,9,12,41,43,78,83,84,91,93,94,96,98,103" machi="103" ten="20,5200,0" yaku="1,1,0,1,7,1,8,1,53,0" doraHai="123" doraHaiUra="40" who="2" fromWho="2" sc="289,-13,327,-13,174,62,200,-26" /><INIT seed="4,0,0,3,4,67" ten="276,314,236,174" oya="0" hai0="57,50,2,31,74,80,6,51,92,62,72,98,99" hai1="120,64,66,23,83,102,78,8,119,131,113,18,109" hai2="89,115,75,48,27,53,5,93,25,49,126,17,70" hai3="85,132,28,105,81,7,133,52,19,112,69,73,0"/><T29/><D2/><U100/><E119/><V91/><F115/><W43/><G105/><T58/><D6/><U14/><E113/><V37/><F37/><W40/><G112/><T54/><D80/><U59/><E120/><V60/><F126/><W130/><G73/><T39/><D39/><U13/><E131/><V55/><F75/><W76/><G130/><T114/><D114/><U4/><E109/><V26/><F5/><W44/><G28/><T96/><D92/><U68/><E68/><V111/><F17/><W135/><G69/><T121/><D121/><U24/><E24/><V22/><F22/><W97/><G97/><T21/><D21/><U32/><E32/><V30/><F30/><W106/><G106/><T90/><D90/><U104/><E104/><V88/><F111/><W87/><G87/><T42/><D74/><U117/><E117/><V134/><F134/><W47/><G19/><T94/><D94/><U101/><REACH who="1" step="1"/><E59/><REACH who="1" ten="276,304,236,174" step="2"/><V12/><F93/><W10/><REACH who="3" step="1"/><G44/><REACH who="3" ten="276,304,236,164" step="2"/><N who="0" m="25879" /><D72/><AGARI ba="0,2" hai="4,8,13,14,18,23,64,66,72,78,83,100,101,102" machi="72" ten="40,5200,0" yaku="1,1,53,2" doraHai="67" doraHaiUra="11" who="1" fromWho="0" sc="276,-52,304,72,236,0,164,0" /><INIT seed="5,0,0,1,5,79" ten="224,376,236,164" oya="1" hai0="108,130,93,23,11,96,57,94,132,107,61,123,92" hai1="47,122,82,53,117,115,120,16,54,103,31,126,114" hai2="63,49,112,33,74,104,71,25,36,52,24,50,32" hai3="22,69,8,98,2,90,100,64,70,125,80,60,89"/><U86/><E117/><V5/><F36/><W67/><G125/><T77/><D123/><U55/><E126/><V105/><F74/><W15/><G2/><T62/><D108/><U3/><E103/><V73/><F73/><W68/><G22/><T44/><D44/><U30/><E47/><V135/><F5/><W42/><G42/><T99/><D107/><U20/><E3/><V26/><F135/><W128/><G128/><T51/><D132/><U76/><E120/><V84/><F84/><W110/><G110/><T75/><D130/><U40/><E40/><V46/><F50/><W18/><G67/><T83/><D11/><U134/><E122/><V35/><REACH who="2" step="1"/><F112/><REACH who="2" ten="224,376,226,164" step="2"/><N who="1" m="43049" /><E134/><V81/><F81/><W119/><G119/><T7/><D7/><U29/><E31/><V85/><F85/><W116/><G116/><T87/><D75/><U17/><E17/><V9/><F9/><W43/><G80/><T113/><D113/><U127/><E127/><V101/><F101/><W41/><G41/><T133/><D133/><U72/><E72/><V4/><F4/><W78/><G43/><T102/><D102/><U1/><E1/><V91/><F91/><W121/><G121/><T13/><D96/><U129/><E129/><V58/><F58/><W12/><G78/><T14/><D99/><U37/><E37/><V21/><F21/><W97/><G97/><T95/><D23/><U19/><E19/><V66/><AGARI ba="0,1" hai="24,25,26,32,33,35,46,49,52,63,66,71,104,105" machi="66" ten="40,8000,1" yaku="1,1,0,1,54,1,53,1" doraHai="79" doraHaiUra="45" who="2" fromWho="2" sc="224,-20,376,-40,226,90,164,-20" /><INIT seed="6,0,0,5,3,108" ten="204,336,316,144" oya="2" hai0="45,64,70,28,101,57,43,94,68,78,95,72,111" hai1="129,107,5,84,16,116,59,15,7,63,106,0,121" hai2="102,60,89,81,87,127,58,75,37,56,8,112,46" hai3="73,135,122,125,98,80,91,103,11,132,119,131,31"/><V51/><F127/><W38/><G38/><T22/><D111/><U13/><E116/><V85/><F75/><W104/><G31/><T39/><D95/><U114/><E121/><V6/><F37/><W66/><G66/><T44/><D44/><U18/><E0/><V12/><F102/><W62/><G62/><T133/><D78/><U49/><E129/><V69/><F69/><W24/><G24/><T109/><D72/><U97/><E107/><V61/><F87/><N who="3" m="50663" /><G11/><T123/><D109/><U48/><E106/><V54/><F112/><W10/><G10/><T124/><D123/><U117/><E114/><V20/><F20/><W128/><G122/><T77/><D68/><U23/><E97/><V53/><REACH who="2" step="1"/><F46/><REACH who="2" ten="204,336,306,144" step="2"/><W4/><G119/><T41/><D45/><U65/><E84/><V33/><F33/><W47/><G47/><T83/><D22/><N who="1" m="11535" /><E117/><V90/><F90/><W120/><G120/><T36/><D36/><U29/><E29/><V9/><F9/><W130/><G73/><T32/><D28/><U52/><E23/><V1/><F1/><W74/><G74/><T25/><D32/><U55/><E59/><V67/><F67/><W2/><G2/><T34/><D64/><U113/><E65/><V26/><F26/><W14/><G125/><T17/><D25/><U92/><E113/><V126/><F126/><W99/><G103/><T110/><D101/><U30/><E30/><V21/><F21/><W71/><G71/><T105/><D70/><U50/><E55/><V96/><F96/><N who="3" m="36907" /><G104/><T19/><D105/><U35/><E35/><V86/><F86/><RYUUKYOKU ba="0,1" sc="204,-15,336,-15,306,15,144,15" hai2="6,8,12,51,53,54,56,58,60,61,81,85,89" hai3="4,14,128,130,131,132,135" /><INIT seed="6,1,1,0,5,63" ten="189,321,321,159" oya="2" hai0="33,103,86,32,123,55,2,82,80,38,113,39,108" hai1="91,70,76,106,41,75,66,51,34,126,93,94,109" hai2="98,89,110,8,107,69,53,57,68,61,22,119,44" hai3="67,85,105,43,129,58,52,84,115,6,65,12,117"/><V111/><F119/><W122/><G117/><T19/><D123/><U11/><E106/><V88/><F8/><N who="3" m="4119" /><G105/><T78/><D108/><N who="2" m="41514" /><F22/><W16/><G122/><T116/><D2/><U114/><E34/><V7/><F7/><W14/><G43/><T90/><D103/><U77/><E109/><V134/><F134/><W47/><G47/><T5/><D5/><U31/><E31/><V130/><F130/><W72/><G72/><T1/><D1/><U62/><E75/><V42/><F107/><W45/><G45/><T71/><D71/><N who="2" m="27210" /><F98/><W4/><G4/><T101/><D116/><U36/><E11/><V17/><F17/><W18/><G18/><T112/><D19/><U21/><E21/><V74/><F74/><W99/><G99/><T120/><D120/><U54/><E70/><V133/><F133/><W10/><G129/><T3/><D3/><U37/><E37/><AGARI ba="1,1" hai="37,42,44,53,57,61,88,89" m="27210,41514" machi="37" ten="30,2900,0" yaku="10,1,54,1" doraHai="63" who="2" fromWho="1" sc="189,0,321,-32,321,42,159,0" /><INIT seed="6,2,0,4,1,80" ten="189,289,363,159" oya="2" hai0="28,21,39,19,56,124,127,53,46,68,121,29,91" hai1="31,60,113,126,36,1,130,109,103,23,41,65,25" hai2="73,4,8,99,111,42,122,93,18,86,125,40,27" hai3="123,5,17,129,107,15,116,43,133,119,62,34,26"/><V106/><F122/><W96/><G123/><T74/><D68/><U132/><E109/><V33/><F73/><W95/><G129/><T7/><D7/><U134/><E130/><V81/><F106/><W59/><G107/><T89/><D74/><U37/><E1/><V57/><F125/><N who="0" m="48202" /><D121/><U76/><E126/><V102/><F57/><W48/><G133/><N who="1" m="51306" /><E113/><V55/><F55/><W50/><G116/><T51/><D39/><U118/><E118/><V32/><F111/><W104/><G104/><T6/><D6/><U98/><E76/><V110/><F110/><W85/><G119/><T90/><D46/><U64/><E41/><V66/><F66/><N who="1" m="25705" /><E60/><V131/><F131/><W84/><G5/><T75/><D75/><U92/><AGARI ba="2,0" hai="23,25,31,36,37,92,98,103" m="25705,51306" machi="92" ten="30,1100,0" yaku="20,1" doraHai="80" who="1" fromWho="1" sc="189,-5,289,17,363,-7,159,-5" /><INIT seed="7,0,0,0,4,82" ten="184,306,356,154" oya="3" hai0="120,35,127,30,103,106,125,19,10,108,31,123,36" hai1="68,112,111,74,43,23,57,49,38,47,85,44,107" hai2="65,113,52,50,7,73,79,33,58,46,26,16,2" hai3="98,63,100,62,22,76,69,14,34,134,60,84,131"/><W93/><G131/><T28/><D36/><U119/><E74/><V90/><F73/><W88/><G134/><T1/><D103/><U124/><E107/><V116/><F79/><W55/><G34/><T54/><D106/><U0/><E0/><V66/><F116/><W29/><G76/><T4/><D108/><U118/><E23/><N who="2" m="13671" /><F2/><W53/><G69/><T9/><D54/><N who="1" m="31951" /><E111/><V86/><F7/><W94/><REACH who="3" step="1"/><G14/><REACH who="3" ten="184,306,356,144" step="2"/><N who="0" m="7639" /><D35/><U56/><E119/><V135/><F33/><W15/><G15/><T114/><D114/><U99/><E68/><V104/><F113/><W71/><G71/><T13/><D1/><U96/><E118/><V83/><F135/><W5/><G5/><T32/><D32/><U8/><E112/><V17/><F104/><W130/><G130/><T45/><D45/><U105/><E44/><V95/><F46/><W117/><G117/><T27/><D27/><AGARI ba="0,1" hai="22,27,29,53,55,60,62,63,84,88,93,94,98,100" machi="27" ten="40,12000,1" yaku="1,1,8,1,52,1,54,1,53,1" doraHai="82" doraHaiUra="92" who="3" fromWho="0" sc="184,-120,306,0,356,0,144,130" /><INIT seed="7,1,0,4,0,121" ten="64,306,356,274" oya="3" hai0="102,82,97,93,85,99,112,24,84,115,132,16,14" hai1="48,46,60,8,20,40,23,4,127,22,21,0,110" hai2="44,37,78,129,106,25,56,13,61,83,9,7,50" hai3="118,117,109,76,43,88,107,2,105,116,65,72,34"/><W39/><G65/><T133/><D24/><U113/><E113/><V92/><F106/><N who="3" m="40459" /><G34/><T68/><D68/><U70/><E127/><V100/><F129/><W94/><G2/><T63/><D63/><U35/><E35/><V81/><F25/><W45/><G94/><T19/><D14/><U11/><N who="1" m="5120" /><DORA hai="111" /><U3/><E110/><V114/><F114/><W1/><G88/><T69/><D69/><U104/><E104/><V67/><F37/><W49/><G49/><T29/><D29/><U79/><E79/><V59/><F59/><W131/><G1/><T47/><D47/><U120/><E120/><V71/><F71/><W42/><G42/><T55/><D55/><U122/><E122/><V6/><F78/><W73/><G131/><T62/><D62/><U12/><REACH who="1" step="1"/><E8/><REACH who="1" ten="64,296,356,274" step="2"/><V52/><F7/><W36/><G36/><T96/><D96/><AGARI ba="1,1" hai="6,9,13,44,50,52,56,61,67,81,83,92,96,100" machi="96" ten="40,2600,0" yaku="8,1,54,1" doraHai="121,111" who="2" fromWho="0" sc="64,-29,296,0,356,39,274,0" owari="35,-46.5,296,9.6,395,49.5,274,-12.6" /></mjloggm>