<mjloggm ver="2.3"><GO type="169" lobby="0"/><UN n0="%E7%99%BD%E9%9C%8A%E5%A4%A2" n1="%E8%90%BD%E6%97%A5" n2="%E3%81%97%E3%82%87%E3%81%BC%E3%82%93%EF%BD%8E" n3="%70%6F%6B%6B%6F" dan="16,16,17,16" rate="2145.36,2170.58,2184.07,2082.95" sx="F,F,M,M"/><TAIKYOKU oya="0"/><INIT seed="0,0,0,1,3,135" ten="250,250,250,250" oya="0" hai0="14,97,117,119,123,107,51,1,103,12,63,94,122" hai1="77,19,67,90,16,3,80,29,106,49,15,34,99" hai2="125,87,68,18,11,25,73,101,86,50,7,24,81" hai3="60,127,114,84,57,132,32,36,9,79,58,52,54"/><T100/><D51/><U56/><E3/><V124/><F68/><W102/><G114/><T131/><D1/><U112/><E112/><V10/><F73/><W8/><G132/><T89/><D63/><U43/><E34/><V120/><F120/><N who="0" m="46122" /><D12/><U22/><E29/><V130/><F130/><W0/><G36/><T62/><D62/><U41/><E106/><V129/><F129/><W75/><G75/><T92/><D14/><U66/><E99/><V78/><F101/><N who="0" m="38986" /><D131/><U44/><E90/><V96/><F96/><W113/><G102/><N who="0" m="62927" /><D89/><U42/><E19/><V71/><F71/><W74/><G32/><T33/><D33/><U2/><E2/><V126/><F7/><W111/><G74/><T118/><AGARI ba="0,0" hai="92,94,117,118,119" m="62927,38986,46122" machi="118" ten="40,3900,0" yaku="34,2" doraHai="135" who="0" fromWho="0" sc="250,39,250,-13,250,-13,250,-13" /><INIT seed="0,1,0,4,2,121" ten="289,237,237,237" oya="0" hai0="79,52,82,129,114,35,101,91,74,22,113,21,94" hai1="119,2,8,118,1,36,116,25,111,10,4,125,128" hai2="3,59,92,93,31,37,122,27,56,132,64,47,62" hai3="134,54,107,71,34,26,102,70,5,109,68,46,0"/><T72/><D35/><U65/><E36/><V28/><F122/><W80/><G134/><T12/><D72/><U60/><E125/><V69/><F132/><W133/><G133/><T95/><D129/><U55/><E128/><V130/><F3/><W63/><G80/><T124/><D124/><U45/><E55/><V18/><F18/><W106/><G54/><T135/><D135/><U126/><E126/><V104/><F104/><W67/><G46/><T66/><D66/><U61/><E45/><V110/><F31/><W127/><G127/><T87/><D12/><U15/><E25/><V131/><F93/><W123/><G123/><T81/><D52/><U41/><E41/><V88/><F92/><N who="0" m="35370" /><D21/><U20/><E20/><V16/><F130/><W117/><G107/><T105/><D22/><U24/><E24/><V13/><F88/><W100/><G100/><T115/><D105/><U9/><E61/><V77/><F77/><W38/><G38/><T90/><D101/><U50/><E50/><V39/><F131/><W86/><G86/><T6/><D6/><U78/><E78/><AGARI ba="1,0" hai="74,78,79,81,82,87,90,91,113,114,115" m="35370" machi="78" ten="40,3900,0" yaku="34,2" doraHai="121" who="0" fromWho="1" sc="289,42,237,-42,237,0,237,0" /><INIT seed="0,2,0,4,1,14" ten="331,195,237,237" oya="0" hai0="48,99,42,109,44,11,76,122,60,56,66,101,7" hai1="115,70,81,35,47,79,117,45,23,71,72,116,120" hai2="3,27,4,103,16,119,90,9,132,114,19,17,68" hai3="73,118,51,74,8,125,106,32,21,39,63,105,62"/><T22/><D122/><U107/><E107/><V18/><F114/><W95/><G39/><T94/><D109/><U26/><E120/><V75/><F75/><W37/><G37/><T112/><D112/><U10/><E115/><V57/><F68/><W46/><G32/><T134/><D134/><U80/><E35/><V129/><F132/><W38/><G38/><T113/><D113/><U82/><E10/><V40/><F40/><W29/><G118/><T104/><D76/><U111/><E111/><V87/><F119/><W84/><G125/><T108/><D108/><U33/><E33/><V12/><F103/><W59/><G74/><T83/><D83/><U85/><E117/><V43/><F43/><W110/><G73/><T121/><D22/><U91/><E82/><N who="2" m="49527" /><F3/><W54/><G105/><T58/><D121/><U5/><E5/><V41/><F41/><W130/><G106/><T36/><D104/><U89/><E116/><V2/><F2/><W88/><G130/><T13/><REACH who="0" step="1"/><D36/><REACH who="0" ten="321,195,237,237" step="2"/><U96/><E79/><V127/><F129/><W49/><G110/><T97/><D97/><U67/><E96/><V28/><F127/><W133/><G133/><T123/><D123/><U34/><E72/><V98/><F98/><W77/><G77/><T126/><D126/><U25/><E34/><V52/><F27/><N who="3" m="16623" /><G8/><T15/><D15/><U102/><E23/><V131/><F131/><W64/><G64/><T93/><D93/><U100/><E85/><V6/><F28/><W31/><G31/><T0/><D0/><U20/><E20/><V69/><F69/><AGARI ba="2,1" hai="7,11,13,42,44,48,56,58,60,66,69,94,99,101" machi="69" ten="30,5800,0" yaku="1,1,7,1,53,1" doraHai="14" doraHaiUra="92" who="0" fromWho="2" sc="321,74,195,0,237,-64,237,0" /><INIT seed="0,3,0,3,2,103" ten="395,195,173,237" oya="0" hai0="107,54,117,22,0,104,28,108,53,44,31,59,61" hai1="42,134,40,77,126,70,131,17,83,102,7,84,3" hai2="98,58,9,67,128,29,16,30,97,110,120,118,45" hai3="25,113,87,79,43,19,33,90,4,105,129,56,57"/><T2/><D117/><U94/><E126/><V51/><F120/><W35/><G113/><T69/><D69/><U106/><E131/><V27/><F110/><W15/><G105/><T11/><D108/><U111/><E111/><V122/><F122/><W82/><G129/><T50/><D11/><U116/><E116/><V38/><F38/><W123/><G123/><T41/><D28/><U48/><E134/><V18/><F128/><W80/><G43/><T5/><D5/><U68/><E3/><V127/><F127/><W8/><G35/><T86/><D86/><U130/><E7/><V85/><F118/><W6/><G33/><T88/><D88/><U119/><E119/><V10/><F58/><W63/><G56/><T64/><D0/><U74/><E130/><V12/><F67/><W93/><G25/><T75/><D75/><U24/><E17/><V91/><F10/><W92/><G92/><T109/><D2/><U101/><E24/><V76/><F76/><W73/><G82/><T26/><D109/><U21/><E21/><N who="2" m="13735" /><F29/><W49/><G49/><T81/><REACH who="0" step="1"/><D81/><REACH who="0" ten="385,195,173,237" step="2"/><U32/><E70/><V125/><F30/><W99/><REACH who="3" step="1"/><G73/><REACH who="3" ten="385,195,173,227" step="2"/><T115/><D115/><U78/><E68/><V132/><F125/><W47/><G47/><T135/><D135/><U133/><E133/><V100/><F132/><W95/><G95/><T71/><D71/><U13/><E74/><V39/><F45/><W1/><G1/><T66/><D66/><AGARI ba="3,2" hai="4,6,8,15,19,57,63,66,79,80,87,90,93,99" machi="66" ten="30,3900,0" yaku="1,1,7,1,8,1,53,0" doraHai="103" doraHaiUra="124" who="3" fromWho="0" sc="385,-48,195,0,173,0,227,68" /><INIT seed="1,0,0,3,2,53" ten="337,195,173,295" oya="1" hai0="81,7,80,108,3,4,89,23,28,87,102,46,66" hai1="45,132,29,113,40,124,69,19,135,11,77,114,17" hai2="63,12,0,30,103,21,2,44,32,74,68,57,55" hai3="72,99,34,26,43,36,109,105,10,15,60,127,24"/><U73/><E69/><V107/><F74/><W50/><G127/><T25/><D108/><U125/><E77/><V82/><F32/><W33/><G36/><T121/><D121/><U41/><E73/><V31/><F68/><W62/><G72/><T94/><D3/><U47/><E11/><V20/><F82/><W22/><G109/><T18/><D66/><U79/><E79/><V90/><F90/><W118/><G118/><T92/><D46/><U110/><REACH who="1" step="1"/><E110/><REACH who="1" ten="337,185,173,295" step="2"/><V98/><F0/><W16/><G10/><T76/><D76/><U51/><E51/><V133/><F2/><W129/><G50/><T59/><D4/><U78/><E78/><V126/><F126/><W5/><G5/><T37/><D7/><U100/><E100/><V120/><F120/><W38/><G38/><T128/><D102/><U56/><E56/><V97/><F103/><W91/><G91/><T96/><D37/><U61/><E61/><V101/><F101/><W13/><G60/><T85/><D59/><U117/><E117/><V8/><F57/><W27/><G62/><T115/><D89/><U58/><E58/><V122/><F122/><W48/><G48/><T86/><D115/><U88/><E88/><V42/><F63/><W75/><G75/><T65/><D85/><U116/><E116/><V104/><F8/><W112/><G112/><T6/><D86/><U71/><E71/><V111/><F111/><W39/><G39/><T84/><D87/><U106/><E106/><V1/><F107/><W54/><G105/><T49/><D84/><U131/><E131/><V67/><F104/><RYUUKYOKU ba="0,1" sc="337,-10,185,30,173,-10,295,-10" hai1="17,19,29,40,41,45,47,113,114,124,125,132,135" /><INIT seed="1,1,1,5,0,95" ten="327,215,163,285" oya="1" hai0="61,51,65,98,108,129,99,42,20,86,16,44,46" hai1="127,33,131,79,100,119,59,113,18,50,24,133,104" hai2="107,111,2,19,116,60,124,63,27,87,126,57,90" hai3="82,12,58,35,8,96,89,94,109,36,62,15,88"/><U28/><E113/><V53/><F116/><W1/><G36/><T112/><D112/><U93/><E119/><V66/><F2/><W25/><G109/><T43/><D108/><U26/><E127/><N who="2" m="48683" /><F107/><W41/><G41/><T114/><D129/><U48/><E131/><V3/><F3/><W68/><G68/><T115/><D115/><U128/><E128/><V123/><F123/><W97/><G1/><T17/><D114/><U56/><E133/><V47/><F111/><W30/><G8/><T135/><D135/><U5/><E104/><V9/><F47/><W21/><G35/><T54/><D86/><U85/><E5/><V39/><F39/><W125/><G125/><T40/><D17/><U91/><E79/><V75/><F75/><W29/><G29/><T32/><D32/><U78/><E78/><V106/><F106/><W38/><G38/><T23/><D44/><U55/><E100/><V102/><F102/><W84/><G97/><N who="0" m="36875" /><D16/><U81/><E81/><V14/><F87/><W83/><G83/><T34/><D34/><U72/><E72/><V92/><F19/><W130/><G130/><T122/><D122/><U22/><REACH who="1" step="1"/><E56/><AGARI ba="1,1" hai="20,23,40,42,43,46,51,54,56,61,65" m="36875" machi="56" ten="30,7700,0" yaku="8,1,52,3" doraHai="95" who="0" fromWho="1" sc="327,90,215,-80,163,0,285,0" /><INIT seed="2,0,0,2,5,61" ten="417,135,163,285" oya="2" hai0="10,42,101,28,2,20,66,75,38,13,43,17,64" hai1="63,113,8,80,102,55,111,49,122,89,6,26,32" hai2="105,39,124,11,19,29,134,37,69,53,88,74,115" hai3="85,87,104,109,77,44,98,70,82,121,51,129,4"/><V128/><F105/><W73/><G70/><T72/><D75/><U131/><E113/><V99/><F74/><W47/><G4/><T92/><D72/><U94/><E111/><V117/><F115/><W96/><G121/><T68/><D68/><U119/><E119/><V45/><F117/><W126/><G47/><T15/><D2/><U84/><E131/><V31/><F69/><W18/><G109/><T127/><D127/><U86/><E122/><V62/><F128/><W100/><G126/><T40/><D38/><U1/><E63/><V12/><F124/><W21/><G96/><N who="0" m="59527" /><D28/><U27/><E32/><V81/><F134/><W71/><G71/><T112/><D112/><U48/><E48/><V7/><F39/><W25/><G129/><T125/><D125/><U108/><E108/><V93/><F81/><W9/><G9/><T16/><AGARI ba="0,0" hai="10,13,15,16,17,20,40,42,43,64,66" m="59527" machi="16" ten="30,7900,0" yaku="8,1,52,2,54,1" doraHai="61" who="0" fromWho="0" sc="417,79,135,-20,163,-39,285,-20" /><INIT seed="3,0,0,4,0,90" ten="496,115,124,265" oya="3" hai0="56,105,40,73,27,59,30,61,47,118,53,54,55" hai1="75,38,42,135,121,78,1,117,71,16,46,23,48" hai2="128,115,114,127,4,20,122,112,119,45,21,44,65" hai3="41,86,120,103,130,108,66,51,83,80,57,84,43"/><W25/><G120/><T69/><D118/><U133/><E121/><V109/><F122/><W91/><G130/><T68/><D73/><U132/><E71/><N who="0" m="27209" /><D27/><U85/><E117/><V89/><F119/><W36/><G36/><N who="0" m="21895" /><D30/><U107/><E107/><V19/><F65/><W67/><G108/><T49/><D105/><U72/><E1/><V7/><F109/><W111/><G111/><T126/><D126/><U28/><E28/><V95/><F128/><W17/><G103/><T116/><D116/><U113/><E113/><V11/><F127/><W77/><G67/><AGARI ba="0,0" hai="49,53,54,55,56,59,61,67" m="21895,27209" machi="67" ten="30,8000,1" yaku="35,5" doraHai="90" who="0" fromWho="3" sc="496,80,115,0,124,0,265,-80" /><INIT seed="4,0,0,0,5,40" ten="576,115,124,185" oya="0" hai0="16,104,61,20,125,11,4,28,127,109,56,121,74" hai1="32,54,107,26,105,27,36,106,47,128,99,94,132" hai2="73,111,30,71,90,0,62,97,29,133,43,67,64" hai3="130,44,108,131,134,18,68,84,115,112,3,83,78"/><T86/><D74/><U45/><E128/><N who="3" m="49194" /><G68/><T93/><D104/><U58/><E132/><V21/><F111/><W123/><G3/><T5/><D121/><U100/><E36/><V42/><F73/><W66/><G66/><T116/><D116/><U13/><E13/><V33/><F0/><W41/><G123/><T55/><D28/><U10/><E10/><V14/><F33/><W6/><G108/><T82/><D93/><U103/><E103/><V7/><F133/><W49/><G134/><T76/><D109/><U8/><E8/><V48/><F67/><W46/><G6/><T92/><D92/><U19/><E19/><V85/><F97/><W17/><G46/><T122/><D122/><U15/><E15/><V124/><F7/><W75/><G75/><T72/><D72/><U9/><E9/><V38/><F38/><W63/><G63/><T69/><D69/><U77/><E77/><V37/><F37/><W60/><G60/><T24/><REACH who="0" step="1"/><D4/><REACH who="0" ten="566,115,124,185" step="2"/><U35/><E32/><V53/><F71/><W39/><G39/><T135/><D135/><U25/><REACH who="1" step="1"/><E35/><REACH who="1" ten="566,105,124,185" step="2"/><V51/><F30/><W2/><G2/><AGARI ba="0,2" hai="2,5,11,16,20,24,55,56,61,76,82,86,125,127" machi="2" ten="40,3900,0" yaku="1,1,54,1,53,0" doraHai="40" doraHaiUra="101" who="0" fromWho="3" sc="566,59,105,0,124,0,185,-39" /><INIT seed="4,1,0,0,1,102" ten="625,105,124,146" oya="0" hai0="92,81,90,17,41,71,112,48,70,36,20,32,50" hai1="27,127,54,8,133,129,44,13,110,100,72,66,103" hai2="131,6,40,42,75,9,76,122,51,61,43,134,47" hai3="0,79,16,99,83,5,67,45,117,104,125,84,120"/><T14/><D32/><U62/><E110/><V55/><F122/><W78/><G117/><T46/><D112/><U132/><E72/><V124/><F131/><W52/><G125/><T15/><D81/><U53/><E129/><V68/><F124/><W74/><G67/><T19/><D36/><U93/><E127/><V96/><F134/><N who="1" m="51817" /><E27/><V56/><F75/><W22/><G120/><T63/><D63/><U119/><E119/><V24/><F76/><W21/><G21/><T106/><D106/><U101/><E93/><V38/><F96/><W82/><G5/><T23/><REACH who="0" step="1"/><D48/><REACH who="0" ten="615,105,124,146" step="2"/><U114/><E114/><V94/><F38/><W31/><G31/><T115/><BYE who="3" /><D115/><U107/><E107/><V26/><F51/><W97/><G97/><AGARI ba="1,1" hai="14,15,17,19,20,23,41,46,50,70,71,90,92,97" machi="97" ten="30,5800,0" yaku="1,1,7,1,9,1,53,0" doraHai="102" doraHaiUra="35" who="0" fromWho="3" sc="615,71,105,0,124,0,146,-61" /><INIT seed="4,2,0,2,5,104" ten="686,105,124,85" oya="0" hai0="0,98,25,107,118,75,71,19,44,6,125,132,72" hai1="106,113,64,90,17,7,55,115,126,4,105,116,57" hai2="109,76,29,10,131,121,66,88,51,135,79,83,9" hai3="110,103,31,63,78,77,62,5,128,34,94,133,46"/><T26/><D118/><U89/><E116/><V36/><F109/><W18/><G18/><T59/><D71/><U47/><E64/><V65/><F36/><W48/><G48/><T134/><D44/><U3/><E47/><V40/><F121/><W21/><G21/><T127/><D0/><UN n3="%70%6F%6B%6B%6F" /><U49/><E126/><N who="0" m="48137" /><D6/><N who="1" m="2091" /><E3/><V11/><F131/><W27/><G110/><T99/><D59/><U92/><E17/><V22/><F135/><N who="0" m="51754" /><D19/><U82/><E82/><V61/><F83/><W43/><G133/><T38/><D38/><U95/><E95/><V69/><F69/><W91/><G128/><T111/><D111/><U130/><E130/><V120/><F120/><W32/><G103/><N who="0" m="62967" /><D99/><U85/><E57/><V73/><F40/><W28/><G5/><T13/><D13/><U108/><E108/><V14/><F14/><W30/><G27/><AGARI ba="2,0" hai="25,26,27,72,75" m="62967,51754,48137" machi="27" ten="30,11600,0" yaku="18,1,20,1,52,2" doraHai="104" who="0" fromWho="3" sc="686,122,105,0,124,0,85,-122" owari="808,90.8,105,-29.5,124,-7.6,-37,-53.7" /></mjloggm>