<mjloggm ver="2.3"><GO type="169" lobby="0"/><UN n0="%E9%9B%A8%E6%9C%88%E3%81%A4%E3%82%86" n1="%E3%83%8E%E3%82%AA%E3%83%81%E3%83%A3%E3%83%99%E3%82%B9" n2="%E7%8A%AC%E5%B1%B1" n3="%E9%B3%B4%E3%81%8D%E3%83%80%E3%83%AB%E3%83%9E" dan="16,16,16,17" rate="2135.31,2175.94,2084.64,2252.93" sx="M,M,M,M"/><TAIKYOKU oya="0"/><INIT seed="0,0,0,1,5,20" ten="250,250,250,250" oya="0" hai0="55,69,47,94,53,45,70,131,19,39,67,125,31" hai1="101,109,13,98,30,115,2,81,11,24,0,63,48" hai2="89,62,32,49,66,37,9,8,130,127,38,82,35" hai3="104,78,102,107,134,12,57,88,123,33,58,61,110"/><T87/><D31/><U76/><E109/><V28/><F130/><W27/><G110/><T77/><D131/><U21/><E115/><V85/><F127/><W42/><G134/><T15/><D125/><U83/><E48/><V43/><F35/><W79/><G42/><T64/><D39/><U128/><E63/><V44/><F9/><W99/><G107/><T105/><D105/><U56/><E56/><V7/><F28/><W29/><G123/><T10/><D69/><U65/><E65/><N who="0" m="25161" /><D70/><U108/><E108/><V18/><F32/><W133/><G133/><T121/><D121/><U5/><E128/><V103/><F103/><W111/><G111/><T22/><D10/><U46/><E46/><N who="0" m="17417" /><D94/><U120/><E120/><V54/><F43/><W59/><G61/><T100/><D100/><U114/><E114/><V60/><F60/><W124/><G124/><T96/><D96/><U112/><E112/><V126/><F126/><W97/><REACH who="3" step="1"/><G12/><REACH who="3" ten="250,250,250,240" step="2"/><T95/><D77/><U106/><REACH who="1" step="1"/><E81/><REACH who="1" ten="250,240,250,240" step="2"/><V25/><F38/><W80/><G80/><T116/><D116/><U16/><E16/><V129/><F37/><W75/><G75/><AGARI ba="0,2" hai="0,2,5,11,13,21,24,30,75,76,83,98,101,106" machi="75" ten="30,7700,0" yaku="1,1,7,1,52,1,53,1" doraHai="20" doraHaiUra="4" who="1" fromWho="3" sc="250,0,240,97,250,0,240,-77" /><INIT seed="1,0,0,4,5,53" ten="250,337,250,163" oya="1" hai0="92,38,72,62,27,65,100,74,126,1,89,23,2" hai1="70,50,19,12,130,127,29,6,43,68,37,11,102" hai2="46,95,3,132,0,135,115,63,4,122,120,90,93" hai3="106,86,39,71,66,31,5,44,133,81,55,54,116"/><U26/><E37/><V114/><F46/><W73/><G73/><T79/><D38/><U87/><E127/><V83/><F83/><W21/><G106/><T101/><D126/><U7/><E130/><V111/><F63/><W110/><G110/><T20/><D79/><U8/><E102/><V30/><F30/><W24/><G133/><N who="2" m="51273" /><F4/><W41/><G116/><T58/><D72/><U60/><E87/><V35/><F35/><W80/><G80/><T34/><D34/><U124/><E124/><V91/><F111/><W88/><REACH who="3" step="1"/><G5/><REACH who="3" ten="250,337,250,153" step="2"/><T104/><D74/><U129/><E7/><V125/><F125/><W42/><G42/><T49/><D104/><U77/><E129/><V78/><F78/><W105/><G105/><T108/><D108/><U33/><E77/><V76/><F76/><W98/><G98/><T84/><D1/><N who="2" m="586" /><F120/><W10/><G10/><T15/><D2/><U9/><E6/><V13/><F122/><W112/><G112/><N who="2" m="43049" /><F13/><W103/><G103/><N who="0" m="39499" /><D15/><U123/><E123/><V16/><F91/><W25/><G25/><T96/><D27/><U14/><E14/><V61/><F90/><W17/><G17/><T45/><D96/><U32/><E11/><V131/><F16/><W128/><G128/><T52/><AGARI ba="0,1" hai="20,23,45,49,52,58,62,65,84,89,92" m="39499" machi="52" ten="30,4000,0" yaku="8,1,52,1,54,1" doraHai="53" who="0" fromWho="0" sc="250,50,337,-20,250,-10,153,-10" /><INIT seed="2,0,0,4,2,28" ten="300,317,240,143" oya="2" hai0="99,42,132,110,32,55,44,18,85,43,84,60,81" hai1="89,91,56,69,37,38,15,100,36,22,11,64,26" hai2="101,4,115,86,125,59,9,41,6,50,106,0,90" hai3="63,135,118,92,82,105,21,109,121,13,111,51,70"/><V114/><F125/><W75/><G105/><T103/><D110/><N who="3" m="41993" /><G118/><T113/><D113/><U29/><E69/><V107/><F6/><W31/><G121/><T39/><D132/><U16/><E64/><V35/><F35/><W17/><G135/><T62/><D32/><U123/><E123/><V27/><F27/><W80/><G75/><T53/><D18/><U66/><REACH who="1" step="1"/><E100/><REACH who="1" ten="300,307,240,143" step="2"/><V46/><F101/><W40/><G70/><T65/><D65/><U10/><E10/><V1/><F115/><W129/><G129/><T72/><D103/><U131/><E131/><V57/><F114/><W124/><G124/><T7/><D39/><U30/><E30/><V134/><F134/><W76/><G31/><T14/><D72/><U117/><E117/><V96/><F1/><W127/><G127/><T74/><D74/><U128/><E128/><V126/><F126/><W54/><G76/><T88/><D88/><U52/><E52/><V19/><F0/><W20/><G54/><T49/><D53/><U119/><E119/><V83/><F90/><W93/><G40/><T61/><D55/><U122/><E122/><V102/><F102/><W108/><G108/><T25/><D42/><U87/><E87/><V120/><F86/><W67/><G67/><T130/><D84/><U5/><E5/><V68/><F9/><W48/><G63/><AGARI ba="0,1" hai="11,15,16,22,26,29,36,37,38,56,63,66,89,91" machi="63" ten="40,2600,0" yaku="1,1,54,1,53,0" doraHai="28" doraHaiUra="73" who="1" fromWho="3" sc="300,0,307,36,240,0,143,-26" /><INIT seed="3,0,0,3,0,45" ten="300,343,240,117" oya="3" hai0="35,16,11,81,2,103,10,36,39,133,95,41,60" hai1="70,17,8,68,118,78,50,106,29,99,54,79,114" hai2="110,69,43,125,71,18,22,121,59,109,7,113,6" hai3="32,92,102,12,87,127,97,42,135,30,132,62,111"/><W9/><G127/><T67/><D35/><U38/><E38/><V129/><F113/><W90/><G111/><N who="2" m="42505" /><F129/><W4/><G42/><T20/><D133/><N who="3" m="51273" /><G62/><T66/><D41/><U83/><E29/><V96/><F125/><W94/><G30/><T5/><D67/><U58/><E114/><V13/><F121/><W91/><G32/><T57/><D11/><U112/><E118/><V130/><F130/><W49/><G102/><T24/><REACH who="0" step="1"/><D81/><REACH who="0" ten="290,343,240,117" step="2"/><U1/><E112/><V134/><F134/><W28/><G28/><T3/><D3/><U124/><E124/><V75/><F71/><W88/><G91/><T128/><D128/><U98/><E1/><V82/><F69/><W46/><G46/><T56/><D56/><U93/><E70/><V44/><F59/><W33/><G33/><T51/><D51/><AGARI ba="0,1" hai="4,9,12,49,51,87,88,90,92,94,97" m="51273" machi="51" ten="30,11600,0" yaku="20,1,52,2,54,1" doraHai="45" who="3" fromWho="0" sc="290,-116,343,0,240,0,117,126" /><INIT seed="3,1,0,2,0,118" ten="174,343,240,243" oya="3" hai0="69,41,89,88,37,36,33,91,112,72,115,40,111" hai1="90,75,129,82,22,4,120,132,52,110,77,31,108" hai2="74,76,101,55,49,28,96,67,35,87,20,26,24" hai3="10,42,56,46,105,86,39,51,64,16,121,93,79"/><W45/><G121/><T113/><D111/><N who="1" m="42539" /><E4/><V94/><F74/><W135/><G135/><T58/><D72/><U114/><E114/><V107/><F67/><W70/><G105/><T119/><D119/><U53/><E132/><V21/><F26/><W63/><G93/><T84/><D84/><U106/><E106/><V3/><F3/><W61/><G86/><T130/><D69/><U109/><E109/><V23/><F35/><W9/><G79/><T97/><D33/><U80/><E129/><V103/><F103/><W5/><G5/><T43/><D97/><U116/><E116/><V92/><F107/><W29/><G29/><T0/><D0/><U100/><E100/><V27/><F27/><W102/><G102/><T131/><REACH who="0" step="1"/><D58/><REACH who="0" ten="164,343,240,243" step="2"/><U128/><E128/><AGARI ba="1,1" hai="36,37,40,41,43,88,89,91,112,113,115,128,130,131" machi="128" ten="50,24000,4" yaku="1,1,2,1,29,2,28,2,11,1,19,1,54,1,53,3" doraHai="118" doraHaiUra="85" who="0" fromWho="1" sc="164,253,343,-243,240,0,243,0" /><INIT seed="4,0,0,5,0,71" ten="417,100,240,243" oya="0" hai0="107,11,46,126,102,115,87,32,135,88,70,61,57" hai1="78,83,54,67,44,119,82,106,100,62,66,41,19" hai2="36,98,18,76,4,105,27,93,45,10,12,120,21" hai3="114,22,111,53,84,47,55,28,103,1,9,42,29"/><T92/><D115/><U130/><E119/><V95/><F120/><W52/><G111/><T81/><D126/><U34/><E34/><V133/><F133/><W26/><G29/><T109/><D135/><U15/><E130/><V25/><F76/><W108/><G108/><T74/><D32/><U48/><E100/><V113/><F113/><W69/><G69/><T134/><D134/><U56/><E106/><V0/><F105/><W50/><G114/><T72/><D70/><U77/><E77/><V37/><F93/><W2/><G103/><T38/><D11/><U16/><E19/><V51/><F27/><W3/><REACH who="3" step="1"/><G84/><REACH who="3" ten="417,100,240,233" step="2"/><T121/><D109/><U14/><E14/><V96/><F98/><W112/><G112/><T23/><D72/><U104/><E104/><V73/><F73/><W75/><G75/><T91/><D74/><U17/><E17/><V43/><F12/><W6/><AGARI ba="0,1" hai="1,2,3,6,9,22,26,28,42,47,50,52,53,55" machi="6" ten="30,4000,0" yaku="1,1,0,1,54,1,53,0" doraHai="71" doraHaiUra="101" who="3" fromWho="3" sc="417,-20,100,-10,240,-10,233,50" /><INIT seed="5,0,0,2,5,24" ten="397,90,230,283" oya="1" hai0="129,2,128,45,37,92,88,44,120,57,85,47,53" hai1="89,112,13,74,102,21,64,30,17,12,76,107,35" hai2="49,31,90,130,55,105,75,86,108,111,68,124,60" hai3="62,59,131,23,67,39,113,116,15,87,110,80,83"/><U115/><E64/><V46/><F130/><N who="0" m="50282" /><D2/><U119/><E119/><V66/><F124/><W126/><G110/><T123/><D37/><U10/><E89/><V72/><F105/><W125/><G131/><T82/><D82/><U71/><E71/><V28/><F75/><W33/><G113/><N who="1" m="43594" /><E76/><V40/><F72/><W56/><G33/><T41/><D41/><U114/><N who="1" m="43602" /><U100/><DORA hai="11" /><E74/><V22/><F111/><W19/><G39/><T5/><D5/><N who="1" m="3151" /><E107/><V1/><F1/><W109/><G109/><T121/><D57/><U132/><E132/><V127/><F108/><W117/><G59/><T9/><D9/><U65/><E65/><V106/><F106/><W133/><G133/><T8/><D8/><U32/><E32/><V4/><F127/><N who="3" m="48651" /><G83/><T63/><D63/><U26/><AGARI ba="0,0" hai="13,17,21,26,30,35,100,102" m="3151,43602" machi="26" ten="40,12000,1" yaku="15,1,52,3" doraHai="24,11" who="1" fromWho="1" sc="397,-40,90,120,230,-40,283,-40" /><INIT seed="5,1,0,3,0,17" ten="357,210,190,243" oya="1" hai0="72,105,63,135,12,57,114,95,6,8,31,21,24" hai1="36,68,65,40,37,4,58,32,26,49,5,102,118" hai2="129,71,13,11,92,113,20,29,18,70,124,16,48" hai3="88,91,77,94,42,34,112,0,117,62,55,87,3"/><U52/><E118/><V98/><F129/><W74/><G34/><T123/><D105/><U130/><E102/><V126/><F48/><W104/><G104/><T50/><D72/><U45/><E37/><V89/><F29/><W101/><G112/><T9/><D123/><U90/><E130/><V108/><F108/><W35/><G35/><T86/><D114/><U82/><E32/><V39/><F39/><W97/><G91/><N who="0" m="53751" /><D9/><U127/><E127/><N who="2" m="48683" /><F113/><W61/><G42/><T76/><D135/><U30/><E26/><AGARI ba="1,0" hai="11,13,16,18,20,26,70,71,89,92,98" m="48683" machi="26" ten="30,3900,0" yaku="18,1,52,1,54,1" doraHai="17" who="2" fromWho="1" sc="357,0,210,-42,190,42,243,0" /><INIT seed="6,0,0,2,2,7" ten="357,168,232,243" oya="2" hai0="45,34,79,105,102,46,9,104,72,37,59,40,62" hai1="71,133,77,65,116,64,124,110,95,60,14,20,52" hai2="33,36,122,126,1,87,35,41,80,57,63,3,74" hai3="129,4,107,44,91,61,128,69,101,112,26,108,31"/><V68/><F122/><W115/><G108/><T86/><D34/><U97/><E110/><V76/><F126/><W56/><G69/><T88/><D102/><U51/><E124/><V82/><F68/><W114/><G44/><T89/><D72/><U24/><E116/><V11/><F35/><N who="3" m="20983" /><G4/><T70/><D70/><U73/><E64/><V28/><F28/><W22/><G22/><T39/><D79/><U47/><E133/><V117/><F33/><W92/><G101/><T125/><D125/><U99/><E95/><V84/><F117/><W75/><G75/><T134/><D134/><U43/><E14/><V18/><F74/><W123/><G107/><T21/><D21/><U85/><E73/><V127/><F127/><W6/><G6/><T29/><D29/><U17/><REACH who="1" step="1"/><E43/><REACH who="1" ten="357,158,232,243" step="2"/><V111/><F111/><W100/><G123/><T98/><D40/><U10/><E10/><V30/><F3/><W78/><G114/><T53/><D9/><U54/><E54/><V48/><F1/><W121/><G115/><T118/><D53/><U66/><E66/><V83/><F41/><W13/><G112/><T27/><D104/><U19/><E19/><V58/><F11/><W67/><G13/><T90/><D105/><U0/><E0/><V109/><F18/><W23/><G121/><T103/><D118/><U96/><E96/><V113/><F109/><W8/><G8/><T120/><D98/><U93/><E93/><V94/><F113/><W25/><G67/><T131/><D120/><U32/><E32/><V16/><F94/><W42/><G92/><T15/><D15/><RYUUKYOKU ba="0,1" sc="357,-10,158,30,232,-10,243,-10" hai1="17,20,24,47,51,52,60,65,71,77,85,97,99" /><INIT seed="7,1,1,1,5,43" ten="347,188,222,233" oya="3" hai0="106,50,11,56,88,117,67,25,17,34,5,3,40" hai1="126,101,37,78,121,134,36,87,125,30,24,105,52" hai2="47,42,55,72,6,73,115,15,20,64,76,92,7" hai3="79,53,95,123,51,35,13,59,113,97,85,89,129"/><W128/><G35/><T86/><D106/><U10/><E121/><V118/><F118/><W23/><G113/><T114/><D117/><U69/><E69/><V93/><F64/><W116/><G123/><T104/><D104/><U27/><E105/><V57/><F73/><W124/><G116/><T71/><D71/><U70/><E70/><V58/><F76/><W130/><G124/><T45/><D114/><U90/><E101/><V4/><F72/><W28/><G28/><T26/><D34/><U98/><E98/><V60/><F58/><W9/><G23/><T61/><D17/><U131/><E78/><V111/><F115/><W48/><G48/><T21/><D21/><U102/><E102/><V84/><F84/><W127/><G127/><N who="1" m="48650" /><E10/><V19/><F111/><W122/><G122/><T2/><D3/><U12/><E12/><V110/><REACH who="2" step="1"/><F110/><REACH who="2" ten="347,188,212,233" step="2"/><W75/><G75/><T132/><D132/><U94/><E134/><V54/><F54/><W1/><G79/><T133/><D133/><U96/><E131/><V112/><F112/><W109/><G109/><T46/><D56/><U119/><E119/><V120/><F120/><W41/><G59/><T29/><D86/><U68/><E68/><V135/><F135/><W103/><G129/><T77/><D77/><U62/><E87/><V99/><F99/><W81/><G97/><T38/><D67/><U0/><E0/><V63/><F63/><W49/><G128/><T44/><D61/><U8/><E8/><V18/><F18/><W39/><G130/><T16/><D16/><U31/><E62/><V107/><F107/><RYUUKYOKU ba="1,2" sc="347,-10,188,-10,212,30,233,-10" hai2="4,6,7,15,19,20,42,47,55,57,60,92,93" owari="357,45.7,178,-32.2,242,4.2,223,-17.7" /></mjloggm>