<mjloggm ver="2.3"><GO type="169" lobby="0"/><UN n0="%E3%83%A8%E3%82%B3%E3%83%86%E3%82%A3%E3%83%B3%40" n1="%6D%61%74%6F%30%36%30%33" n2="%44%42%4A" n3="%52%65%63%61%6C%74%71" dan="16,18,16,16" rate="2183.16,2244.67,2174.37,2100.70" sx="M,M,M,M"/><TAIKYOKU oya="0"/><INIT seed="0,0,0,3,1,126" ten="250,250,250,250" oya="0" hai0="61,74,11,9,67,127,115,118,66,51,0,53,90" hai1="103,63,44,36,43,101,88,125,71,26,129,39,77" hai2="52,20,12,37,23,32,111,4,58,2,107,62,54" hai3="132,35,48,7,6,18,45,95,29,30,85,133,60"/><T55/><D115/><U69/><E125/><V42/><F111/><W81/><G60/><T47/><D118/><U64/><E71/><V134/><F32/><W84/><G95/><T31/><D127/><U49/><E77/><V78/><F107/><W24/><G30/><T76/><D67/><U93/><E26/><V91/><F134/><W40/><G18/><T123/><D123/><U21/><E21/><V25/><F37/><W46/><G45/><T14/><D0/><U131/><E39/><V109/><F2/><W33/><G33/><T106/><D106/><U70/><E70/><V92/><F42/><W22/><G35/><T68/><D31/><U102/><REACH who="1" step="1"/><E36/><REACH who="1" ten="250,240,250,250" step="2"/><V10/><F78/><W128/><G133/><T98/><D76/><U122/><E122/><V120/><F120/><W17/><G132/><T65/><D68/><U38/><E38/><V19/><F23/><W121/><G121/><T8/><D74/><U15/><E15/><V1/><F109/><W86/><G29/><T117/><D14/><U100/><N who="1" m="25600" /><DORA hai="57" /><U34/><E34/><V87/><F1/><W94/><G24/><T130/><D117/><U119/><E119/><V116/><F116/><W56/><G22/><T124/><D124/><U59/><E59/><V89/><F91/><W5/><G56/><N who="0" m="34959" /><D130/><U73/><E73/><V96/><F87/><AGARI ba="0,1" hai="43,44,49,63,64,69,87,88,93,129,131" m="25600" machi="87" ten="50,12000,2" yaku="1,1,52,3,54,1,53,1" doraHai="126,57" doraHaiUra="80,113" who="1" fromWho="2" sc="250,0,240,130,250,-120,250,0" /><INIT seed="1,0,0,4,1,42" ten="250,370,130,250" oya="1" hai0="133,91,106,113,37,40,83,17,88,125,98,110,52" hai1="48,116,30,99,7,67,58,20,78,69,74,71,101" hai2="87,89,45,85,51,105,102,121,28,123,55,60,117" hai3="38,127,118,22,108,4,107,49,104,95,41,57,97"/><U135/><E116/><V2/><F117/><W47/><G108/><T36/><D113/><U112/><E112/><V86/><F2/><W46/><G118/><T120/><D110/><U111/><E111/><V9/><F28/><W70/><G70/><T59/><D133/><U132/><E7/><V77/><F77/><W8/><G22/><T72/><D125/><U29/><E78/><V96/><F60/><W64/><G57/><T32/><D32/><U100/><E74/><V129/><F129/><W109/><G64/><T90/><D120/><U23/><E48/><V11/><REACH who="2" step="1"/><F89/><REACH who="2" ten="250,370,120,250" step="2"/><W94/><G127/><T14/><D91/><U0/><E0/><V75/><F75/><W124/><G124/><T1/><D1/><U24/><E30/><V56/><F56/><W66/><G109/><T26/><D72/><U114/><E58/><V25/><F25/><W50/><G66/><T119/><D26/><U53/><E24/><V62/><F62/><W130/><G130/><T39/><D90/><U76/><E76/><V115/><F115/><W13/><G97/><T34/><D98/><U128/><E99/><V65/><F65/><W84/><G84/><T3/><D3/><U131/><E67/><V122/><AGARI ba="0,1" hai="9,11,45,51,55,85,86,87,96,102,105,121,122,123" machi="122" ten="40,5200,0" yaku="1,1,0,1,52,1,53,0" doraHai="42" doraHaiUra="33" who="2" fromWho="2" sc="250,-13,370,-26,120,62,250,-13" /><INIT seed="2,0,0,2,4,101" ten="237,344,182,237" oya="2" hai0="109,119,44,97,99,9,114,12,62,15,52,93,104" hai1="122,1,38,85,127,76,48,121,102,29,67,58,26" hai2="135,59,124,36,89,49,56,115,83,106,70,51,116" hai3="33,17,39,6,82,78,111,90,131,60,132,14,134"/><V87/><F116/><W20/><G39/><T130/><D114/><U13/><E1/><V81/><F115/><W34/><G111/><T28/><D119/><U69/><E38/><V65/><F36/><W126/><G131/><T30/><D130/><U35/><E127/><V125/><F70/><W11/><G126/><T25/><D109/><U45/><E69/><V123/><F87/><W105/><G90/><T91/><D104/><U41/><E102/><V110/><F89/><W117/><G60/><T32/><D28/><U57/><E13/><V113/><F113/><W68/><G105/><T19/><D15/><U5/><E5/><V50/><F106/><W24/><G68/><T66/><D99/><U46/><E46/><V3/><F3/><W96/><G96/><T112/><D112/><U21/><E35/><V88/><F88/><W118/><G118/><T7/><D44/><U103/><E103/><V80/><F110/><W47/><G47/><T42/><D42/><U8/><E8/><V84/><F84/><W27/><G117/><T0/><D66/><U128/><E67/><V92/><F92/><W120/><G120/><N who="1" m="46186" /><E128/><V16/><F123/><W129/><G129/><T54/><REACH who="0" step="1"/><D62/><REACH who="0" ten="227,344,182,237" step="2"/><U74/><E29/><V79/><F125/><W75/><G33/><T23/><AGARI ba="0,1" hai="0,7,9,12,19,23,25,30,32,52,54,91,93,97" machi="23" ten="20,12000,2" yaku="1,1,2,1,0,1,7,1,24,2,54,1,53,0" doraHai="101" doraHaiUra="63" who="0" fromWho="0" sc="227,130,344,-30,182,-60,237,-30" /><INIT seed="3,0,0,1,1,5" ten="357,314,122,207" oya="3" hai0="84,3,105,79,12,89,26,54,78,0,119,32,37" hai1="81,91,13,64,76,88,66,69,87,11,65,50,75" hai2="63,74,70,59,115,126,71,39,44,95,104,9,41" hai3="18,21,51,83,125,73,131,49,127,7,25,23,92"/><W98/><G131/><T116/><D105/><U128/><E128/><V34/><F126/><N who="3" m="48139" /><G7/><T46/><D0/><U90/><E50/><V123/><F115/><W45/><G21/><T17/><D3/><U121/><E121/><V6/><F123/><W108/><G108/><T16/><D116/><U35/><E35/><V4/><F4/><W67/><G67/><T30/><D119/><U29/><E29/><V8/><F104/><W1/><G1/><T42/><D54/><U112/><E112/><V56/><F6/><W85/><G73/><T36/><D36/><U135/><E135/><V58/><F74/><W27/><G25/><T114/><D17/><U107/><E107/><V57/><F95/><W106/><G106/><T38/><D38/><U43/><E43/><V113/><F34/><W117/><G45/><T96/><D96/><U120/><E120/><V94/><F94/><W31/><G31/><T100/><D100/><U53/><E69/><V101/><F101/><N who="3" m="60615" /><G117/><T62/><D114/><U72/><E75/><V111/><F111/><W22/><G23/><T24/><D24/><U134/><E72/><V10/><REACH who="2" step="1"/><F113/><REACH who="2" ten="357,314,112,207" step="2"/><W93/><G93/><T60/><D32/><U132/><E132/><V80/><F80/><W55/><G83/><T15/><D78/><U68/><E134/><V118/><F118/><W122/><G122/><T20/><D79/><U133/><E133/><V124/><F124/><W130/><G130/><T52/><D89/><U99/><E76/><V47/><F47/><N who="3" m="28095" /><G85/><T61/><D84/><U2/><E87/><V129/><F129/><W77/><G77/><RYUUKYOKU ba="0,1" sc="357,-15,314,-15,112,15,207,15" hai2="8,9,10,39,41,44,56,57,58,59,63,70,71" hai3="18,22,27,51" /><INIT seed="3,1,1,5,1,40" ten="342,299,127,222" oya="3" hai0="10,99,113,128,65,79,49,53,45,66,118,33,26" hai1="31,23,50,80,73,117,97,123,134,95,38,85,54" hai2="70,36,7,106,6,51,17,72,100,124,11,92,34" hai3="88,94,13,39,112,12,114,18,58,125,22,130,82"/><W44/><G130/><T4/><D118/><U103/><E123/><V63/><F124/><W19/><G125/><T126/><D126/><U77/><E38/><V41/><F92/><W116/><G116/><T24/><D128/><U75/><E134/><V101/><F51/><W14/><G82/><T98/><D113/><U62/><E62/><V86/><F86/><W35/><G35/><T74/><D74/><U47/><REACH who="1" step="1"/><E117/><REACH who="1" ten="342,289,127,222" step="2"/><V105/><F63/><W21/><G114/><T90/><D66/><U107/><E107/><V20/><F105/><W25/><G112/><T67/><D67/><U89/><E89/><V15/><F106/><W71/><G71/><T8/><D65/><U83/><E83/><V96/><F70/><W84/><G58/><T48/><D90/><U76/><E76/><V127/><F127/><W91/><G91/><T32/><D79/><U120/><E120/><V27/><F101/><W129/><G129/><T69/><D69/><U2/><E2/><V5/><F100/><W121/><G121/><T37/><D37/><U110/><E110/><V16/><F72/><W29/><G29/><T9/><D4/><N who="2" m="1642" /><F36/><W119/><G119/><T43/><D32/><U64/><E64/><V0/><F96/><N who="0" m="36906" /><D33/><U60/><E60/><V55/><F55/><W135/><G135/><T57/><AGARI ba="1,2" hai="8,9,10,24,26,43,45,48,49,53,57" m="36906" machi="57" ten="30,2000,0" yaku="8,1,52,1" doraHai="40" who="0" fromWho="0" sc="342,43,289,-6,127,-6,222,-11" /><INIT seed="4,0,0,2,1,19" ten="385,283,121,211" oya="0" hai0="22,114,126,67,2,69,132,129,115,122,1,56,64" hai1="86,85,10,78,109,12,65,46,50,103,87,63,66" hai2="118,29,133,105,6,32,58,48,25,75,24,100,90" hai3="49,42,62,34,135,15,81,77,28,27,45,76,7"/><T52/><D122/><U101/><E109/><V38/><F133/><W54/><G135/><T9/><D132/><U36/><E36/><V88/><F38/><W125/><G125/><T17/><D126/><U131/><E131/><V102/><F75/><W119/><G119/><T21/><D129/><U44/><E78/><V8/><F118/><W68/><G68/><T130/><D130/><U55/><E46/><V61/><F48/><W93/><G93/><T82/><D82/><U11/><E11/><V96/><F102/><W128/><G128/><T84/><D84/><U39/><E39/><V123/><F123/><W60/><G76/><T112/><D69/><U111/><E111/><V121/><F25/><W98/><G98/><T40/><D40/><U97/><E63/><V113/><F113/><W16/><G7/><N who="0" m="1263" /><D2/><U59/><E44/><V20/><F32/><W107/><G42/><T4/><D4/><N who="1" m="3143" /><E97/><V99/><F99/><W26/><G26/><N who="0" m="14639" /><D22/><U73/><E73/><V117/><F117/><W116/><G116/><T127/><D127/><U31/><E66/><V83/><F83/><W18/><G18/><T71/><D71/><U3/><E65/><N who="2" m="39095" /><F105/><W33/><G33/><T79/><D79/><U53/><E3/><N who="2" m="95" /><F121/><W43/><G43/><T30/><D30/><U41/><E41/><V72/><F72/><N who="3" m="43175" /><G107/><T80/><D80/><U51/><E31/><V14/><F14/><W37/><G37/><T5/><D5/><U110/><E110/><V74/><F74/><W0/><G0/><T108/><D108/><U104/><E104/><N who="2" m="63495" /><F29/><W57/><G57/><T70/><D70/><RYUUKYOKU ba="0,0" sc="385,0,283,0,121,0,211,0" hai0="52,56,64,67,112,114,115" hai1="50,51,53,55,59,85,86,87,101,103" hai2="20,24,88,90" hai3="15,16,27,28,34,45,49,54,60,62" /><INIT seed="4,1,0,3,4,134" ten="385,283,121,211" oya="0" hai0="64,70,105,29,4,90,17,46,91,85,111,12,102" hai1="11,133,33,100,58,30,80,76,69,21,66,49,27" hai2="113,14,77,74,123,114,132,8,26,41,86,125,106" hai3="118,79,53,15,72,112,22,2,37,68,60,120,96"/><T32/><D111/><U127/><E133/><V16/><F74/><W47/><G118/><T99/><D4/><U89/><E100/><V88/><F77/><W115/><G2/><T62/><D46/><U1/><E69/><V104/><F132/><W36/><G120/><T121/><D85/><U31/><E89/><V44/><F26/><W3/><G3/><T19/><D121/><U34/><E30/><V93/><F125/><W48/><G96/><T39/><D39/><U126/><E11/><V28/><F28/><W40/><G15/><T108/><D19/><U6/><E6/><V0/><F0/><W57/><G22/><N who="0" m="11559" /><D108/><U50/><E1/><V59/><F59/><W83/><REACH who="3" step="1"/><G37/><REACH who="3" ten="385,283,121,201" step="2"/><T52/><D99/><U24/><E21/><V13/><F13/><W65/><AGARI ba="1,1" hai="36,40,47,48,53,57,60,65,68,72,79,83,112,115" machi="65" ten="30,8000,1" yaku="1,1,2,1,0,1,24,2,53,0" doraHai="134" doraHaiUra="103" who="3" fromWho="3" sc="385,-41,283,-21,121,-21,201,93" /><INIT seed="5,0,0,5,2,42" ten="344,262,100,294" oya="1" hai0="61,21,103,28,90,25,125,16,94,24,127,36,6" hai1="58,51,3,22,95,66,63,105,92,4,54,40,17" hai2="12,73,47,86,107,133,68,134,55,27,122,96,48" hai3="31,91,53,9,98,2,49,116,52,77,131,93,62"/><U88/><E105/><V19/><F73/><W60/><G116/><T113/><D36/><U7/><E40/><V84/><F68/><W67/><G77/><T76/><D6/><U100/><E100/><V1/><F1/><W119/><G119/><T11/><D76/><U0/><E0/><V44/><F122/><W37/><G37/><T121/><D121/><U26/><E92/><V14/><F107/><W57/><G131/><T83/><D113/><U45/><E3/><V10/><F96/><AGARI ba="0,0" hai="4,7,17,22,26,45,51,54,58,63,66,88,95,96" machi="96" ten="30,11600,0" yaku="7,1,8,1,52,1,54,1" doraHai="42" who="1" fromWho="2" sc="344,0,262,116,100,-116,294,0" owari="344,14.4,378,47.8,-16,-51.6,294,-10.6" /></mjloggm>