<mjloggm ver="2.3"><GO type="169" lobby="0"/><UN n0="%E3%81%8F%E3%82%8B%E3%82%8B" n1="%E8%A5%BF%E6%9D%91%E9%9B%84%E4%B8%80%E9%83%8E" n2="%E6%82%94%E3%81%84%E3%82%BF%E3%83%B3" n3="%70%65%6E%74%6F%6C%61" dan="17,19,16,18" rate="2215.05,2264.42,2042.23,2235.32" sx="F,M,M,M"/><TAIKYOKU oya="0"/><INIT seed="0,0,0,3,1,112" ten="250,250,250,250" oya="0" hai0="12,5,58,10,110,61,52,91,0,32,30,124,26" hai1="125,51,98,4,108,96,86,109,106,16,15,19,48" hai2="107,77,45,35,33,104,87,122,43,57,134,123,95" hai3="92,64,105,135,3,11,85,88,9,44,55,118,111"/><T28/><D124/><U54/><E125/><V29/><F57/><W27/><G105/><T76/><D76/><U99/><E106/><V56/><F56/><W102/><G102/><T130/><D130/><U62/><E62/><V65/><F95/><W17/><G118/><T63/><D30/><U75/><E75/><V117/><F29/><W84/><G111/><N who="1" m="42570" /><E86/><V116/><F65/><W82/><G135/><T73/><D73/><U127/><E127/><V34/><F134/><W49/><G64/><T94/><D110/><U6/><E54/><V81/><F104/><W23/><REACH who="3" step="1"/><G3/><REACH who="3" ten="250,250,250,240" step="2"/><T25/><D0/><U103/><E103/><V97/><F107/><W46/><G46/><T24/><REACH who="0" step="1"/><D63/><REACH who="0" ten="240,250,250,240" step="2"/><U42/><E15/><V53/><F122/><W68/><G68/><T18/><D18/><N who="1" m="6699" /><E42/><V2/><F123/><W20/><G20/><T79/><D79/><AGARI ba="0,2" hai="9,11,17,23,27,44,49,55,79,82,84,85,88,92" machi="79" ten="30,7700,0" yaku="1,1,7,1,8,1,54,1,53,0" doraHai="112" doraHaiUra="1" who="3" fromWho="0" sc="240,-77,250,0,250,0,240,97" /><INIT seed="1,0,0,5,3,102" ten="163,250,250,337" oya="1" hai0="54,123,119,33,0,17,122,51,101,105,111,14,130" hai1="56,3,27,103,85,18,9,71,87,106,58,70,35" hai2="42,118,46,104,109,128,117,77,114,78,52,129,4" hai3="110,120,22,21,65,96,11,121,100,92,60,55,83"/><U45/><E45/><V69/><F4/><W132/><G110/><T68/><D119/><U13/><E3/><V50/><F78/><W61/><G132/><T63/><D111/><U10/><E35/><V53/><F77/><W40/><G40/><T37/><D37/><U24/><E103/><V108/><F104/><W66/><G55/><N who="2" m="21065" /><F69/><W72/><G72/><T135/><D135/><U79/><E79/><V80/><F80/><W19/><G83/><T15/><D130/><N who="2" m="50282" /><F114/><W6/><G120/><N who="0" m="46123" /><D33/><U30/><E30/><V131/><F131/><W99/><G96/><N who="0" m="61607" /><D17/><U31/><E18/><V93/><F93/><W28/><G28/><T38/><D38/><U94/><E31/><V1/><F1/><W126/><G19/><T16/><D0/><U89/><E94/><V73/><F73/><W88/><G121/><T25/><D63/><U107/><REACH who="1" step="1"/><E89/><REACH who="1" ten="163,240,250,337" step="2"/><V49/><F109/><W62/><G100/><T57/><D68/><U86/><E86/><V7/><F108/><W23/><REACH who="3" step="1"/><G126/><REACH who="3" ten="163,240,250,327" step="2"/><T127/><D127/><U26/><E26/><V48/><F7/><W98/><G98/><T34/><D34/><U115/><E115/><V82/><F82/><W124/><G124/><T29/><D29/><U67/><E67/><V75/><F75/><W39/><G39/><AGARI ba="0,2" hai="39,42,46,48,49,50,117,118" m="50282,21065" machi="39" ten="30,7700,0" yaku="19,1,34,2,54,1" doraHai="102" who="2" fromWho="3" sc="163,0,240,0,250,97,327,-77" /><INIT seed="2,0,0,2,2,75" ten="163,240,347,250" oya="2" hai0="36,116,135,31,69,114,85,94,13,91,122,18,28" hai1="101,113,21,96,76,63,81,80,57,121,125,123,104" hai2="29,106,33,49,38,52,117,26,42,67,89,110,35" hai3="118,32,60,70,103,47,64,87,124,127,9,4,15"/><V66/><F117/><W105/><G32/><T58/><D122/><U12/><E113/><V112/><F112/><W73/><G73/><T88/><D114/><U8/><E21/><V24/><F106/><W128/><G118/><T46/><D69/><U55/><E125/><V108/><F42/><W43/><G128/><T34/><D135/><U20/><E20/><V2/><F38/><W19/><G103/><T23/><D34/><U115/><E115/><V107/><F2/><W134/><G105/><T130/><D130/><U54/><E54/><V17/><F89/><W97/><G97/><T79/><D116/><U5/><REACH who="1" step="1"/><E80/><REACH who="1" ten="163,230,347,250" step="2"/><V90/><F35/><W48/><G134/><T39/><D23/><U65/><E65/><V72/><F67/><W45/><G127/><T53/><D53/><U68/><E68/><V99/><F66/><W50/><G124/><T25/><D31/><U6/><E6/><V14/><F29/><W78/><G19/><T10/><D28/><U62/><E62/><V44/><F33/><W59/><G70/><T82/><D18/><U84/><AGARI ba="0,1" hai="5,8,12,55,57,63,76,81,84,96,101,104,121,123" machi="84" ten="30,4000,0" yaku="1,1,0,1,52,1,53,0" doraHai="75" doraHaiUra="71" who="1" fromWho="1" sc="163,-10,230,50,347,-20,250,-10" /><INIT seed="3,0,0,4,4,23" ten="153,280,327,240" oya="3" hai0="121,71,25,64,38,130,84,111,129,9,7,134,16" hai1="41,31,33,61,119,18,32,45,36,110,128,133,95" hai2="75,13,97,77,37,96,58,60,70,67,29,108,87" hai3="19,44,11,91,131,34,35,116,118,104,79,55,86"/><W10/><G104/><T85/><D121/><U20/><E110/><V88/><F108/><W21/><G79/><T135/><D38/><U50/><E119/><V103/><F37/><W89/><G44/><T117/><D117/><U105/><E105/><V47/><F29/><W112/><G112/><T17/><D111/><U51/><E133/><N who="0" m="50697" /><D64/><U76/><E128/><N who="0" m="49257" /><D71/><U83/><E61/><V53/><F47/><W8/><G131/><T52/><D52/><U26/><E95/><V15/><F77/><W4/><G55/><T126/><D84/><U1/><E1/><V82/><F75/><W93/><G116/><T69/><D85/><U14/><REACH who="1" step="1"/><E33/><REACH who="1" ten="153,270,327,240" step="2"/><V30/><F97/><W59/><G118/><T49/><D69/><U120/><E120/><V54/><F70/><W40/><G35/><T127/><D49/><U78/><E78/><V102/><F96/><W92/><G34/><T5/><D5/><U46/><E46/><V73/><F60/><W66/><G4/><T48/><D48/><U98/><E98/><V63/><F63/><W122/><G122/><T0/><D25/><U80/><E80/><V43/><F82/><W106/><G106/><T12/><D0/><U101/><E101/><V39/><F103/><W57/><G66/><T99/><D99/><U100/><E100/><V56/><F102/><W109/><G109/><T42/><D42/><U3/><E3/><V113/><F43/><W123/><G40/><T74/><D74/><AGARI ba="0,1" hai="14,18,20,26,31,32,36,41,45,50,51,74,76,83" machi="74" ten="30,7700,0" yaku="1,1,7,1,52,1,53,1" doraHai="23" doraHaiUra="22" who="1" fromWho="0" sc="153,-77,270,87,327,0,240,0" /><INIT seed="4,0,0,3,5,108" ten="76,357,327,240" oya="0" hai0="53,12,126,47,132,45,16,67,28,117,57,6,130" hai1="11,5,102,7,127,68,92,71,43,90,25,131,63" hai2="26,86,97,38,79,84,73,10,103,82,125,23,116" hai3="4,77,40,133,96,112,24,64,8,88,35,115,129"/><T114/><D117/><U94/><E43/><V3/><F125/><W27/><G64/><T110/><D126/><U104/><E127/><V65/><F116/><W60/><G60/><T22/><D110/><U51/><E51/><V37/><F65/><W15/><G77/><T107/><D107/><U19/><E63/><V0/><F84/><W30/><G40/><T74/><D74/><U106/><E25/><V93/><F73/><W113/><G129/><T66/><D130/><U20/><E20/><V78/><F79/><W123/><G123/><T135/><D66/><U31/><E19/><V119/><F119/><W69/><G133/><N who="0" m="51275" /><D67/><U55/><E68/><V121/><F121/><W76/><G76/><T111/><D111/><U81/><E104/><V118/><F118/><W124/><G124/><T128/><D128/><U91/><E106/><V58/><F58/><W9/><G69/><T13/><D28/><U70/><E31/><V85/><F38/><W59/><G59/><T134/><N who="0" m="51283" /><T87/><DORA hai="48" /><D87/><U122/><E131/><V98/><F37/><W36/><G36/><T32/><D32/><U44/><E122/><V49/><F86/><W17/><G30/><T14/><D114/><U100/><E71/><V120/><F120/><W83/><G35/><T56/><D56/><U89/><E70/><V39/><F39/><W52/><G112/><T99/><D99/><U21/><E44/><N who="0" m="16969" /><D6/><U75/><E75/><V54/><F98/><W29/><G29/><T34/><D34/><U33/><E33/><V101/><F97/><W72/><G115/><T61/><AGARI ba="0,0" hai="12,13,14,16,22,53,57,61" m="16969,51283" machi="61" ten="40,12000,1" yaku="5,1,20,1,52,1,54,1" doraHai="108,48" who="0" fromWho="0" sc="76,120,357,-40,327,-40,240,-40" /><INIT seed="4,1,0,4,0,32" ten="196,317,287,200" oya="0" hai0="87,76,107,112,41,120,126,113,135,58,21,6,19" hai1="24,8,70,13,118,49,81,67,43,92,68,38,127" hai2="54,1,105,48,12,64,89,108,9,101,122,83,60" hai3="85,91,134,117,78,30,53,93,44,103,111,106,17"/><T90/><D120/><U35/><E38/><V59/><F122/><W50/><G111/><T11/><D107/><U96/><E118/><V46/><F108/><W20/><G117/><T27/><D135/><U51/><E81/><V77/><F89/><W36/><G134/><T7/><D126/><U26/><E35/><V22/><F22/><W100/><G36/><T65/><D41/><U16/><E127/><V73/><F105/><W39/><G39/><T128/><D128/><U25/><E67/><V56/><F101/><W45/><G30/><T71/><D76/><U42/><E70/><V86/><F73/><W84/><G45/><T75/><D71/><U114/><E68/><V63/><F1/><W98/><G106/><T121/><D75/><U88/><E114/><N who="0" m="44137" /><D11/><U55/><E49/><V61/><REACH who="2" step="1"/><F59/><AGARI ba="1,0" hai="8,13,16,24,25,26,42,43,51,55,59,88,92,96" machi="59" ten="40,5200,0" yaku="8,1,54,2" doraHai="32" who="1" fromWho="2" sc="196,0,317,55,287,-55,200,0" /><INIT seed="5,0,0,5,0,33" ten="196,372,232,200" oya="1" hai0="29,7,98,124,109,80,127,135,65,3,62,75,36" hai1="51,4,103,27,60,67,34,39,19,113,20,73,72" hai2="26,45,17,125,1,12,117,111,35,11,133,38,96" hai3="108,118,95,22,82,106,104,92,5,134,101,77,94"/><U85/><E39/><V55/><F111/><W90/><G5/><T56/><D109/><U119/><E119/><V25/><F117/><W122/><G108/><T2/><D29/><U102/><E113/><V53/><F125/><N who="0" m="48202" /><D135/><U88/><E34/><V49/><F133/><W110/><G110/><T24/><D36/><U57/><E73/><V37/><F96/><W78/><G22/><T83/><D24/><U131/><E72/><V123/><F123/><W46/><G46/><T23/><D23/><U87/><E87/><V115/><F115/><W89/><G134/><T42/><D42/><U61/><E131/><V100/><F100/><W107/><G118/><T44/><D44/><U52/><E4/><N who="2" m="1423" /><F26/><W130/><G122/><T28/><D28/><U126/><E61/><V13/><F12/><W74/><G130/><T132/><D132/><U32/><E32/><V15/><F13/><W64/><G64/><T66/><D7/><U91/><E91/><N who="3" m="34826" /><G78/><N who="0" m="44127" /><D98/><AGARI ba="0,0" hai="74,77,82,92,94,95,98,101,104,106,107" m="34826" machi="98" ten="40,8000,1" yaku="35,5" doraHai="33" who="3" fromWho="0" sc="196,-80,372,0,232,0,200,80" /><INIT seed="6,0,0,0,1,9" ten="116,372,232,280" oya="2" hai0="82,53,47,60,101,30,62,103,108,37,133,115,111" hai1="21,104,75,2,3,28,96,89,84,100,58,97,112" hai2="44,102,105,124,106,126,15,73,11,13,113,119,56" hai3="70,109,132,45,80,29,16,114,42,43,135,76,92"/><V25/><F119/><W46/><G109/><T8/><D115/><U49/><E75/><V79/><F113/><W33/><G70/><T134/><D30/><U55/><E96/><V88/><F25/><W129/><G29/><T74/><D103/><U91/><E91/><V23/><F44/><W12/><G33/><T130/><D101/><U7/><E7/><V72/><F56/><W125/><G92/><T122/><D122/><U5/><E5/><V17/><F88/><W54/><G54/><T0/><D130/><U52/><E55/><V69/><F69/><W51/><G129/><T4/><D53/><U93/><E112/><V78/><F73/><W50/><G114/><T63/><D108/><U57/><E57/><V59/><F59/><W27/><G27/><T20/><D20/><U38/><E38/><V22/><F22/><W64/><G64/><T14/><D111/><U77/><E77/><N who="2" m="29195" /><F102/><W107/><G107/><T66/><D66/><U94/><E104/><V6/><F72/><W87/><REACH who="3" step="1"/><G125/><AGARI ba="0,0" hai="6,11,13,15,17,23,105,106,124,125,126" m="29195" machi="125" ten="30,5800,0" yaku="18,1,52,2" doraHai="9" who="2" fromWho="3" sc="116,0,372,0,232,58,280,-58" /><INIT seed="6,1,0,3,1,114" ten="116,372,290,222" oya="2" hai0="32,128,43,28,31,86,79,120,23,84,105,125,108" hai1="118,111,17,126,81,48,51,100,30,16,29,109,106" hai2="110,10,83,63,19,45,70,93,104,103,9,35,24" hai3="41,123,68,101,121,131,89,37,62,15,99,20,27"/><V42/><F110/><W129/><G37/><T57/><D108/><U127/><E81/><V26/><F93/><W39/><G39/><T47/><D120/><U60/><E60/><V55/><F83/><W13/><G41/><T130/><D105/><U59/><E59/><V22/><F35/><W71/><G89/><T133/><D32/><U4/><E4/><V7/><F26/><W95/><G15/><T92/><D57/><U91/><E91/><V18/><F18/><W14/><G14/><T65/><D65/><U74/><E74/><V50/><F7/><W40/><G40/><T113/><D113/><U97/><E118/><V1/><F1/><W80/><G13/><T54/><D92/><U46/><E46/><V124/><F124/><W107/><G107/><T112/><D125/><U72/><E106/><V56/><REACH who="2" step="1"/><F70/><REACH who="2" ten="116,372,280,222" step="2"/><W5/><G5/><T88/><D112/><U87/><E17/><V44/><F44/><W77/><G123/><T25/><D47/><U12/><E16/><V76/><F76/><W98/><G121/><T33/><D79/><U115/><E115/><V36/><F36/><W96/><G71/><T122/><D122/><U102/><E127/><V34/><F34/><W135/><G80/><T67/><D33/><U52/><E126/><V61/><F61/><W21/><G77/><T8/><D25/><U85/><E111/><V66/><F66/><W38/><G38/><T64/><D67/><U90/><E109/><V75/><F75/><W2/><G68/><T6/><D64/><U82/><E72/><V119/><F119/><W73/><G62/><RYUUKYOKU ba="1,1" sc="116,-10,372,-10,280,30,222,-10" hai2="9,10,19,22,24,42,45,50,55,56,63,103,104" /><INIT seed="6,2,1,1,4,73" ten="106,362,310,212" oya="2" hai0="9,38,113,82,1,92,55,84,67,66,76,48,47" hai1="27,128,26,98,125,32,36,93,29,77,2,135,91" hai2="17,24,61,53,64,62,70,43,132,102,104,25,112" hai3="16,30,119,4,8,20,39,15,80,34,110,131,0"/><V111/><F112/><W86/><G39/><T95/><D113/><U23/><E2/><V116/><F116/><W68/><G68/><T57/><D38/><U12/><E36/><V14/><F132/><W107/><G107/><T28/><D28/><U49/><E125/><V114/><F114/><W130/><G119/><T94/><D1/><U78/><E128/><V105/><F43/><W50/><G50/><T35/><D35/><U100/><E12/><V65/><F53/><W60/><G60/><T90/><D9/><U126/><E126/><V121/><F121/><W33/><G110/><T75/><REACH who="0" step="1"/><D47/><REACH who="0" ten="96,362,310,212" step="2"/><U21/><E32/><V63/><F111/><W123/><G123/><T10/><D10/><U59/><E29/><V45/><F45/><W122/><G122/><T37/><D37/><U5/><E23/><V6/><F70/><W96/><G34/><T52/><D52/><U51/><E21/><V129/><F65/><AGARI ba="2,2" hai="48,55,57,65,66,67,75,76,82,84,90,92,94,95" machi="65" ten="40,2600,0" yaku="1,1,52,1,53,0" doraHai="73" doraHaiUra="115" who="0" fromWho="2" sc="96,52,362,0,310,-32,212,0" /><INIT seed="7,0,0,4,3,70" ten="148,362,278,212" oya="3" hai0="109,58,92,24,4,74,86,126,44,35,132,5,60" hai1="50,119,78,9,121,52,6,112,69,131,111,22,1" hai2="66,96,38,95,64,11,106,71,46,117,94,51,85" hai3="57,122,87,25,84,76,21,116,2,110,102,8,83"/><W13/><G116/><T77/><D109/><U49/><E121/><V0/><F117/><W37/><G37/><T39/><D132/><U19/><E69/><V62/><F66/><W113/><G2/><T61/><D126/><U97/><E111/><V104/><F38/><W68/><G68/><T48/><D74/><U130/><E78/><V65/><F65/><W129/><G122/><T63/><D35/><U54/><E97/><V105/><F85/><W7/><G110/><T18/><D58/><U47/><E112/><V123/><F123/><W114/><G102/><T133/><D133/><U101/><E101/><V91/><F95/><W108/><G108/><T10/><D39/><U120/><E120/><V53/><F11/><W29/><G129/><T59/><D59/><U34/><E34/><V16/><F0/><W72/><REACH who="3" step="1"/><G57/><REACH who="3" ten="148,362,278,202" step="2"/><T125/><D125/><U20/><E119/><V32/><F71/><W81/><G81/><T99/><D61/><U93/><E131/><V42/><F62/><W12/><G12/><T40/><D60/><U135/><E1/><V103/><F103/><W82/><G82/><T17/><D63/><U27/><E130/><V31/><F64/><W73/><G73/><T118/><D118/><U115/><E135/><V23/><F94/><W80/><G80/><T33/><D92/><U3/><E93/><V88/><F105/><W89/><G89/><N who="2" m="34377" /><F106/><W15/><G15/><T90/><D90/><U124/><E124/><V26/><F104/><W28/><G28/><T79/><D99/><U45/><E115/><AGARI ba="0,1" hai="7,8,13,21,25,29,72,76,83,84,87,113,114,115" machi="115" ten="40,7700,0" yaku="1,1,15,1,53,1" doraHai="70" doraHaiUra="75" who="3" fromWho="1" sc="148,0,362,-77,278,0,202,87" /><INIT seed="7,1,0,1,4,39" ten="148,285,278,289" oya="3" hai0="111,68,116,48,51,18,89,6,83,53,17,62,112" hai1="99,33,108,25,47,79,87,76,42,45,13,36,133" hai2="92,28,0,129,131,97,98,104,128,64,59,73,109" hai3="118,57,88,123,46,117,61,72,11,135,60,52,12"/><W119/><G123/><T4/><D116/><U14/><E108/><V113/><F109/><W67/><G72/><T125/><D111/><U5/><E133/><V75/><F0/><W115/><G135/><T35/><D112/><U8/><E47/><V49/><F113/><W38/><G115/><T100/><D125/><U7/><E99/><V23/><F104/><W84/><G38/><T127/><D35/><U32/><E25/><N who="2" m="16447" /><F98/><W43/><G43/><T80/><D100/><U3/><E3/><V110/><F110/><W77/><G77/><T86/><D127/><U10/><E76/><V82/><F82/><AGARI ba="1,0" hai="5,7,8,10,13,14,32,33,36,42,45,79,82,87" machi="82" ten="40,2600,0" yaku="9,1,52,1" doraHai="39" who="1" fromWho="2" sc="148,0,285,29,278,-29,289,0" owari="148,-35.2,314,41.4,249,-15.1,289,8.9" /></mjloggm>