<mjloggm ver="2.3"><GO type="169" lobby="0"/><UN n0="%E3%81%8D%E3%82%83%E3%83%BC%E3%82%8D%E3%82%93" n1="%E5%BE%A1%E5%BD%B1%E3%82%86%E3%81%9A%E3%81%8D" n2="%E3%82%B8%E3%83%A3%E3%82%B9%E3%83%88%E3%81%B3%E3%81%83" n3="%39%2D%62%61%79" dan="16,16,17,16" rate="2161.19,2162.71,2173.34,2141.09" sx="M,M,M,M"/><TAIKYOKU oya="0"/><INIT seed="0,0,0,3,1,5" ten="250,250,250,250" oya="0" hai0="16,7,28,59,26,91,117,89,103,48,102,95,27" hai1="21,112,123,109,99,60,18,53,97,11,130,47,132" hai2="86,64,10,126,66,42,13,76,121,90,55,40,68" hai3="79,96,107,115,32,87,23,116,0,49,81,4,106"/><T120/><D120/><U72/><E72/><V46/><F121/><W25/><G115/><T88/><D117/><U51/><E123/><V54/><F126/><W133/><G32/><T39/><D39/><U61/><E112/><V69/><F76/><W77/><G133/><T30/><D7/><U128/><E132/><V36/><F42/><W3/><G116/><T45/><D59/><U9/><E109/><V58/><F55/><W20/><G49/><T78/><D78/><U114/><E114/><V38/><F38/><W101/><G106/><T34/><D95/><U108/><E108/><V15/><F15/><W71/><G71/><T43/><REACH who="0" step="1"/><D16/><REACH who="0" ten="240,250,250,250" step="2"/><U82/><E82/><V113/><F113/><W1/><G79/><T14/><D14/><U94/><E128/><V44/><F68/><W56/><G4/><T62/><D62/><N who="1" m="24171" /><E130/><V8/><F69/><W131/><G56/><T37/><D37/><U31/><E31/><V83/><F58/><W111/><G131/><T22/><AGARI ba="0,1" hai="22,26,27,28,30,34,43,45,48,88,89,91,102,103" machi="22" ten="30,6000,0" yaku="1,1,0,1,54,1,53,0" doraHai="5" doraHaiUra="63" who="0" fromWho="0" sc="240,70,250,-20,250,-20,250,-20" /><INIT seed="0,1,0,5,2,48" ten="310,230,230,230" oya="0" hai0="55,77,118,11,97,63,82,3,60,61,112,93,56" hai1="102,116,69,68,114,8,45,4,73,94,32,5,22" hai2="65,23,111,78,108,31,38,100,24,125,84,128,105" hai3="88,76,110,83,79,6,57,20,62,92,51,99,49"/><T127/><D118/><U90/><E116/><V129/><F38/><W59/><G110/><N who="2" m="42025" /><F65/><W64/><G6/><T34/><D112/><U75/><E32/><V16/><F125/><W133/><G133/><T95/><D34/><U35/><E35/><N who="2" m="20967" /><F105/><W26/><G59/><T54/><D127/><U126/><E126/><V17/><F100/><W106/><G106/><T41/><D41/><U53/><E102/><V130/><F23/><W19/><REACH who="3" step="1"/><G79/><REACH who="3" ten="310,230,230,220" step="2"/><T25/><D56/><U15/><E4/><V87/><F78/><W74/><AGARI ba="1,1" hai="19,20,26,49,51,57,62,64,74,76,83,88,92,99" machi="74" ten="20,12000,2" yaku="1,1,2,1,0,1,7,1,54,1,53,2" doraHai="48" doraHaiUra="44" who="3" fromWho="3" sc="310,-61,230,-31,230,-31,220,133" /><INIT seed="1,0,0,2,4,76" ten="249,199,199,353" oya="1" hai0="58,21,134,74,34,127,61,133,70,11,38,25,4" hai1="24,27,84,30,13,65,59,42,39,112,3,10,85" hai2="130,40,105,64,12,101,23,93,109,1,51,97,100" hai3="75,124,54,99,0,6,94,18,118,107,57,121,78"/><U2/><E112/><V129/><F109/><W49/><G121/><T68/><D38/><U98/><E39/><V128/><F1/><W53/><G124/><T89/><D34/><U8/><E42/><V95/><F64/><W104/><G118/><T86/><D74/><U117/><E117/><V131/><N who="2" m="32768" /><DORA hai="135" /><V36/><F36/><W108/><G108/><T17/><D127/><U122/><E98/><V92/><F40/><W106/><G18/><T102/><D102/><U26/><E30/><V33/><F33/><W82/><G6/><T77/><D77/><U69/><E69/><V35/><F35/><W87/><G0/><T123/><D123/><U119/><E119/><V125/><F51/><W14/><G14/><T31/><D31/><U71/><E71/><V29/><F125/><W110/><G54/><T90/><D90/><U47/><E47/><V52/><F52/><W113/><G113/><T50/><D50/><U91/><E122/><V67/><F67/><W41/><G41/><T22/><D22/><U7/><E2/><V96/><F12/><W83/><G110/><T16/><D17/><U46/><E46/><V45/><F45/><W48/><G48/><T55/><D134/><U5/><REACH who="1" step="1"/><E91/><REACH who="1" ten="249,189,199,353" step="2"/><V15/><F29/><W88/><G107/><T60/><D133/><U63/><AGARI ba="0,1" hai="3,5,7,8,10,13,24,26,27,59,63,65,84,85" machi="63" ten="30,6000,0" yaku="1,1,2,1,0,1,53,0" doraHai="76,135" doraHaiUra="79,44" who="1" fromWho="1" sc="249,-20,189,70,199,-20,353,-20" /><INIT seed="1,1,0,5,4,76" ten="229,259,179,333" oya="1" hai0="12,48,125,120,108,46,79,13,49,30,113,101,133" hai1="45,99,50,63,122,126,77,100,115,65,121,40,132" hai2="87,88,116,10,7,14,64,96,16,123,41,129,90" hai3="5,29,66,72,94,73,109,47,103,31,0,81,107"/><U28/><E115/><V6/><F116/><W9/><G107/><T3/><D3/><U112/><E112/><V39/><F123/><W119/><G109/><T111/><D113/><U130/><E132/><V24/><F129/><W11/><G119/><T22/><D133/><U114/><E114/><V117/><F117/><W74/><G66/><T127/><D120/><U84/><E130/><V128/><F128/><W98/><G47/><T17/><D101/><U67/><E67/><V85/><F64/><W92/><G81/><T1/><D1/><U89/><E28/><V20/><F39/><W27/><G92/><T71/><D71/><U82/><E77/><V93/><F41/><W32/><G31/><T18/><D30/><U124/><E126/><N who="0" m="48137" /><D79/><U131/><E131/><V60/><F60/><W62/><G62/><T57/><D57/><U83/><E124/><V23/><F96/><W86/><G86/><T55/><D49/><U80/><E121/><V53/><F53/><W33/><G11/><AGARI ba="1,0" hai="11,12,13,17,18,22,46,48,55,108,111" m="48137" machi="11" ten="30,1000,0" yaku="18,1" doraHai="76" who="0" fromWho="3" sc="229,13,259,0,179,0,333,-13" /><INIT seed="2,0,0,2,4,77" ten="242,259,179,320" oya="2" hai0="71,92,47,70,116,111,3,90,78,80,67,41,107" hai1="10,86,4,76,63,48,16,126,94,123,2,73,36" hai2="13,127,28,57,134,9,38,1,125,84,85,98,42" hai3="81,12,59,39,51,72,96,53,109,11,83,30,21"/><V118/><F118/><W130/><G39/><T97/><D111/><U122/><E36/><V26/><F1/><W6/><G72/><T69/><D116/><U19/><E126/><N who="2" m="48139" /><F134/><W106/><G130/><T105/><D3/><U135/><E135/><V56/><F38/><W7/><G7/><T17/><D67/><U101/><E63/><V112/><F42/><W54/><G109/><T74/><REACH who="0" step="1"/><D17/><REACH who="0" ten="232,259,179,320" step="2"/><U60/><E19/><N who="2" m="8623" /><F112/><W129/><G129/><T104/><D104/><U20/><E2/><V45/><F45/><N who="3" m="27887" /><G106/><T43/><D43/><U52/><E122/><V108/><F108/><W103/><G54/><T27/><D27/><U119/><E123/><V124/><F124/><W0/><G0/><T87/><D87/><N who="2" m="33354" /><F98/><W68/><G96/><T62/><D62/><U121/><E60/><V102/><F102/><W95/><G103/><T31/><D31/><U37/><E101/><V34/><AGARI ba="0,1" hai="26,28,34,56,57" m="33354,8623,48139" machi="34" ten="30,1500,0" yaku="18,1" doraHai="77" who="2" fromWho="2" sc="232,-5,259,-5,179,25,320,-5" /><INIT seed="2,1,0,3,2,78" ten="227,254,204,315" oya="2" hai0="69,94,21,77,39,126,43,129,107,95,14,0,130" hai1="98,64,10,29,22,58,1,9,134,111,131,116,62" hai2="13,49,80,34,103,32,86,44,89,105,47,72,31" hai3="133,96,4,120,30,16,82,93,18,79,15,59,25"/><V81/><F44/><W110/><G120/><T135/><D107/><U100/><E116/><V124/><F124/><W19/><G133/><T73/><D69/><U28/><E134/><V60/><F60/><W12/><G110/><T68/><D68/><U51/><E111/><V84/><F72/><W128/><G4/><T48/><D135/><U52/><E131/><N who="0" m="50185" /><D0/><U97/><E1/><V118/><F118/><W90/><G59/><T33/><D33/><U125/><E125/><V101/><F13/><W102/><G102/><T35/><D35/><U88/><E100/><V75/><F75/><W36/><G36/><T50/><D126/><U122/><E122/><V99/><F31/><N who="1" m="11849" /><E22/><V66/><F66/><W71/><G71/><T123/><D123/><U109/><E109/><V37/><F37/><W56/><G56/><T132/><D132/><U45/><E98/><V11/><F11/><W54/><G54/><T27/><D14/><U61/><E61/><V55/><REACH who="2" step="1"/><F101/><REACH who="2" ten="227,254,194,315" step="2"/><W115/><G128/><T117/><D117/><U92/><AGARI ba="1,1" hai="9,10,45,51,52,58,62,64,88,92,97" m="11849" machi="92" ten="30,4000,0" yaku="8,1,54,2" doraHai="78" who="1" fromWho="1" sc="227,-11,254,53,194,-21,315,-11" /><INIT seed="3,0,0,3,2,0" ten="216,307,173,304" oya="3" hai0="40,50,95,104,74,28,67,13,76,129,60,36,84" hai1="25,125,93,83,41,123,62,37,46,23,52,92,115" hai2="18,14,96,22,10,88,39,24,99,27,86,44,70" hai3="118,57,63,15,69,114,78,122,112,8,32,98,105"/><W51/><G118/><T29/><D129/><U5/><E123/><V97/><F70/><W117/><G117/><T16/><D104/><U38/><E38/><V55/><F39/><W73/><G122/><T43/><D36/><U12/><E125/><V30/><F27/><W120/><G32/><T91/><D74/><U59/><E115/><V3/><F3/><W101/><G69/><T7/><D76/><U2/><E2/><V72/><F72/><W116/><G120/><T65/><D7/><U110/><E110/><V82/><REACH who="2" step="1"/><F96/><REACH who="2" ten="216,307,163,304" step="2"/><W126/><G116/><T135/><D135/><U31/><E25/><V56/><F56/><W35/><G35/><T4/><D67/><U33/><E59/><V131/><F131/><W81/><G126/><T47/><D43/><U75/><E41/><V53/><F53/><W133/><G133/><T71/><REACH who="0" step="1"/><D4/><REACH who="0" ten="206,307,163,304" step="2"/><U42/><E5/><V121/><F121/><W64/><G114/><T45/><D45/><U134/><E46/><V85/><F85/><W107/><G112/><T128/><D128/><U108/><E42/><V48/><AGARI ba="0,2" hai="10,14,18,22,24,30,44,48,55,82,86,88,97,99" machi="48" ten="30,12000,2" yaku="1,1,0,1,25,2,8,1,54,1,53,1" doraHai="0" doraHaiUra="21" who="2" fromWho="2" sc="206,-30,307,-30,163,140,304,-60" /><INIT seed="4,0,0,1,4,58" ten="176,277,303,244" oya="0" hai0="11,34,57,87,99,2,38,25,64,52,18,118,111" hai1="4,96,127,68,100,60,126,129,94,49,29,32,0" hai2="81,73,79,19,97,30,47,7,8,59,123,78,44" hai3="9,117,83,39,37,46,85,45,90,69,27,56,5"/><T122/><D122/><U3/><E129/><V110/><F110/><W72/><G69/><T109/><D118/><U62/><E68/><V82/><F123/><W48/><G117/><T36/><D64/><U12/><E12/><V17/><F30/><W93/><G27/><T119/><D119/><U113/><E113/><V91/><F59/><W98/><G72/><T84/><D99/><U41/><E29/><V24/><F97/><W103/><G56/><T54/><D34/><U16/><E32/><V121/><F91/><W22/><G22/><N who="0" m="13527" /><D54/><U66/><E66/><V95/><F95/><W63/><G46/><T53/><D53/><U104/><E16/><V65/><F65/><W71/><G63/><N who="1" m="24106" /><E4/><V70/><F70/><W67/><G67/><T86/><D11/><U132/><E104/><V42/><F24/><W108/><G108/><N who="0" m="41547" /><D2/><U50/><E132/><V131/><F8/><W28/><G71/><T61/><AGARI ba="0,0" hai="36,38,52,57,61,84,86,87" m="41547,13527" machi="61" ten="30,6000,0" yaku="10,1,52,1,54,1" doraHai="58" who="0" fromWho="0" sc="176,60,277,-20,303,-20,244,-20" /><INIT seed="4,1,0,3,5,103" ten="236,257,283,224" oya="0" hai0="107,94,73,95,17,72,0,48,104,53,1,120,35" hai1="34,112,24,106,84,5,3,43,23,89,114,134,99" hai2="12,52,117,66,9,63,127,68,78,47,46,76,135" hai3="75,10,38,67,8,115,126,55,83,65,110,102,132"/><T113/><D120/><U87/><E34/><V39/><F135/><W111/><G38/><T25/><D113/><N who="1" m="43627" /><E43/><V96/><F127/><W27/><G115/><T105/><D35/><U58/><E134/><V133/><F133/><W90/><G132/><T70/><D70/><U57/><E5/><V45/><F117/><W15/><G102/><T124/><D124/><U80/><E3/><N who="0" m="1097" /><D25/><U109/><E109/><V14/><F39/><W108/><G27/><T129/><D17/><N who="1" m="12399" /><E84/><V79/><F96/><W54/><G126/><T18/><D18/><U74/><E74/><N who="0" m="28777" /><D48/><U85/><E85/><V131/><F131/><W30/><G30/><T13/><D13/><U11/><E11/><V86/><F86/><W121/><G121/><T91/><D53/><U92/><E106/><V40/><F40/><W122/><G122/><T82/><D82/><U119/><E119/><V97/><F97/><W33/><G33/><T49/><D49/><U130/><E130/><V26/><F26/><W21/><G75/><T31/><D129/><U7/><E7/><V42/><F42/><W19/><G8/><T116/><D116/><U77/><AGARI ba="1,0" hai="57,58,77,80,87,89,92,99" m="12399,43627" machi="77" ten="30,2000,0" yaku="15,1,11,1" doraHai="103" who="1" fromWho="1" sc="236,-11,257,23,283,-6,224,-6" /><INIT seed="5,0,0,3,4,69" ten="225,280,277,218" oya="1" hai0="19,65,81,25,70,102,35,129,34,92,118,20,90" hai1="95,125,131,135,98,122,4,45,26,5,111,108,46" hai2="63,53,59,74,50,100,104,7,121,0,86,110,109" hai3="17,96,68,51,56,52,47,85,31,12,119,97,120"/><U14/><E122/><V36/><F74/><W57/><G68/><T40/><D118/><U115/><E135/><V67/><F121/><W130/><G130/><T93/><D129/><U61/><E131/><V82/><F104/><W60/><G119/><T66/><D81/><U64/><E125/><V87/><F100/><W18/><G120/><T58/><D70/><U88/><E115/><V106/><F106/><W83/><G31/><T132/><D132/><U37/><E26/><V55/><F36/><W113/><G57/><T48/><D35/><U24/><E24/><V75/><F75/><W79/><G18/><T42/><D34/><U126/><E126/><V124/><F124/><W30/><G30/><T9/><D9/><U6/><E14/><V117/><F117/><W49/><G49/><T134/><D134/><U77/><E77/><V73/><F73/><W32/><G32/><T94/><D90/><U103/><E103/><V128/><F128/><W16/><G17/><T38/><D38/><U62/><E37/><V11/><F55/><N who="3" m="30207" /><G113/><T71/><D71/><N who="1" m="42383" /><E62/><V99/><F99/><W80/><G80/><T28/><D28/><U116/><E116/><V133/><F133/><W127/><G127/><T91/><D102/><U89/><E89/><N who="2" m="51415" /><F87/><W21/><AGARI ba="0,0" hai="12,16,21,52,56,60,79,83,85,96,97" m="30207" machi="21" ten="30,4000,0" yaku="8,1,54,2" doraHai="69" who="3" fromWho="3" sc="225,-10,280,-20,277,-10,218,40" /><INIT seed="6,0,0,5,0,78" ten="215,260,267,258" oya="2" hai0="117,9,130,135,76,23,70,85,114,103,99,41,20" hai1="10,96,128,83,75,50,47,132,6,82,39,80,68" hai2="25,64,44,120,119,12,88,35,61,52,56,40,108" hai3="38,110,16,3,24,105,21,26,19,93,57,101,97"/><V5/><F119/><W87/><G110/><T46/><D70/><U34/><E34/><V125/><F120/><W133/><G133/><T100/><D114/><U69/><E132/><V118/><F118/><W127/><G127/><T37/><D135/><U4/><E75/><V122/><F122/><W98/><G38/><T29/><D117/><U91/><E39/><V1/><F1/><W106/><G3/><T111/><D111/><U86/><E128/><V15/><F125/><W89/><G57/><T49/><D130/><U55/><E68/><V126/><F126/><W92/><G98/><T67/><D67/><U58/><E69/><V30/><F5/><N who="1" m="2153" /><E10/><V113/><F113/><W22/><AGARI ba="0,0" hai="16,19,21,22,24,26,87,89,92,93,97,101,105,106" machi="22" ten="30,4000,0" yaku="0,1,9,1,54,1" doraHai="78" who="3" fromWho="3" sc="215,-10,260,-10,267,-20,258,40" /><INIT seed="7,0,0,3,1,120" ten="205,250,247,298" oya="3" hai0="45,30,36,67,112,99,66,44,79,18,97,68,103" hai1="40,121,10,7,83,15,114,98,72,119,125,107,93" hai2="135,4,61,69,77,82,16,128,106,126,23,32,105" hai3="78,124,89,52,110,56,96,90,100,54,35,62,38"/><W71/><G35/><T129/><D129/><U3/><E121/><V57/><F32/><W26/><G38/><T108/><D108/><U2/><E107/><V13/><F69/><W115/><G110/><T51/><D112/><U111/><E111/><V48/><F128/><W53/><G71/><T20/><D30/><U34/><E34/><V85/><F135/><W12/><G26/><T17/><D79/><U94/><E40/><V132/><F132/><W122/><G122/><T118/><D118/><U63/><E94/><V25/><F126/><W1/><G1/><T104/><D99/><U75/><E125/><V46/><F4/><W80/><G115/><T116/><D116/><U60/><E75/><V134/><F134/><W92/><G12/><T59/><D45/><U102/><E114/><V43/><REACH who="2" step="1"/><F25/><REACH who="2" ten="205,250,237,298" step="2"/><W131/><G131/><T28/><D68/><U14/><E119/><V37/><F37/><W117/><G117/><T9/><D36/><U58/><E7/><V55/><AGARI ba="0,1" hai="13,16,23,43,46,48,55,57,61,77,82,85,105,106" machi="55" ten="20,5200,0" yaku="1,1,0,1,7,1,54,1,53,0" doraHai="120" doraHaiUra="113" who="2" fromWho="2" sc="205,-13,250,-13,237,62,298,-26" /><INIT seed="8,0,0,3,2,56" ten="192,237,299,272" oya="0" hai0="19,115,121,75,25,134,51,131,5,114,66,92,83" hai1="89,90,81,26,38,41,55,119,61,129,39,103,10" hai2="104,54,65,99,133,16,88,126,36,37,77,120,22" hai3="47,98,79,4,109,31,85,97,102,9,24,57,63"/><T28/><D121/><U124/><E119/><V128/><F120/><W7/><G109/><T29/><D131/><U33/><E129/><V2/><F2/><W30/><G47/><T96/><D134/><U43/><E103/><V40/><F128/><W135/><G135/><T71/><D5/><U123/><E123/><V93/><F133/><W48/><G48/><T64/><D19/><U127/><E10/><V110/><F110/><W46/><G46/><T91/><D29/><U116/><E116/><V8/><F8/><W17/><G17/><T44/><D75/><U50/><E81/><V32/><F32/><W73/><G73/><T70/><D83/><U21/><E33/><V118/><F77/><W60/><G57/><T111/><D111/><U11/><E11/><V125/><F104/><W68/><G68/><T15/><D15/><U78/><E78/><V14/><F40/><N who="1" m="15433" /><E21/><V72/><F72/><W42/><G42/><N who="0" m="24983" /><D71/><U113/><E26/><V69/><F54/><W100/><G79/><T34/><D70/><U35/><E35/><V76/><F76/><W84/><G9/><T86/><D86/><U18/><E39/><V122/><F122/><W59/><G59/><T52/><D52/><U87/><E55/><V106/><F106/><W105/><G105/><T23/><D34/><U67/><E38/><N who="2" m="14955" /><F118/><W132/><G132/><T13/><D13/><U58/><E18/><V62/><F69/><W117/><G117/><T130/><D130/><U6/><E6/><V27/><F14/><W1/><G1/><T0/><D0/><U94/><E113/><V45/><F45/><RYUUKYOKU ba="0,0" sc="192,10,237,-30,299,10,272,10" hai0="23,25,28,64,66,91,92,96,114,115" hai2="16,22,27,62,65,88,93,99,125,126" hai3="4,7,24,30,31,60,63,84,85,97,98,100,102" /><INIT seed="8,1,0,5,1,56" ten="202,207,309,282" oya="0" hai0="67,80,114,70,94,124,100,21,16,126,104,72,129" hai1="32,108,122,28,102,71,65,85,123,47,8,50,34" hai2="62,35,13,132,29,128,86,105,90,27,64,135,93" hai3="39,98,53,11,51,133,52,117,118,112,26,58,5"/><T12/><D114/><U19/><E108/><V43/><F128/><W113/><G39/><T89/><D129/><U82/><E102/><V48/><F105/><W49/><G133/><N who="2" m="51273" /><F13/><N who="3" m="5359" /><G26/><T36/><D36/><U83/><E71/><N who="2" m="42391" /><F48/><W15/><G98/><N who="0" m="61463" /><D67/><U44/><E65/><V106/><F106/><W125/><G15/><T33/><D33/><U18/><E34/><V97/><F43/><W30/><G30/><T131/><D131/><U17/><E28/><V7/><F7/><W101/><G101/><T88/><D70/><U76/><E32/><V3/><F97/><W37/><G37/><T79/><D94/><U69/><E69/><V22/><F35/><W42/><G42/><T1/><D1/><AGARI ba="1,0" hai="1,3,22,27,29,86,90,93" m="42391,51273" machi="1" ten="30,2000,0" yaku="20,1,52,1" doraHai="56" who="2" fromWho="0" sc="202,-23,207,0,309,23,282,0" owari="179,-32.1,207,-19.3,332,43.2,282,8.2" /></mjloggm>