<mjloggm ver="2.3"><GO type="169" lobby="0"/><UN n0="%E9%9B%A8%E6%9C%88%E3%81%A4%E3%82%86" n1="%E5%B0%8F%E8%B1%86%E6%A2%93" n2="%E7%88%86%E7%89%8C%E3%82%A6%E3%82%B7%E3%82%B8%E3%83%9E%E3%81%8F%E3%82%93" n3="%E3%82%88%E3%81%86%E3%81%B8%E3%83%BC%58" dan="16,16,18,16" rate="2139.39,2133.82,2192.05,2161.60" sx="M,F,M,M"/><TAIKYOKU oya="0"/><INIT seed="0,0,0,0,2,13" ten="250,250,250,250" oya="0" hai0="113,28,8,21,50,37,87,73,33,75,53,56,23" hai1="39,67,133,82,34,76,95,1,2,130,30,135,9" hai2="29,117,48,96,110,118,105,61,51,112,66,79,90" hai3="116,86,89,41,83,5,40,0,132,124,25,38,31"/><T81/><D113/><U44/><E67/><V63/><F112/><W104/><G116/><T127/><D127/><U68/><E68/><V52/><F79/><W32/><G104/><T92/><D37/><U109/><E95/><V114/><F29/><W129/><G124/><T55/><D33/><U121/><E121/><V3/><F3/><W54/><G132/><N who="1" m="50762" /><E109/><V125/><F110/><W108/><G108/><T17/><D92/><U97/><E97/><V22/><F125/><W6/><G129/><T14/><D28/><U100/><E100/><V35/><F35/><W20/><G54/><T77/><REACH who="0" step="1"/><D53/><REACH who="0" ten="240,250,250,250" step="2"/><U126/><E126/><V128/><F52/><W46/><G40/><T120/><D120/><U107/><E107/><V4/><F105/><W49/><G38/><T84/><D84/><U119/><E30/><V78/><F114/><W42/><G41/><T131/><D131/><U94/><E34/><V122/><F128/><W26/><G0/><T134/><D134/><U72/><E130/><V15/><F122/><W102/><G32/><T27/><D27/><U58/><E1/><V19/><F117/><W106/><G26/><T69/><D69/><U24/><E24/><V65/><F118/><W111/><G111/><T71/><D71/><U123/><E119/><V93/><F93/><W70/><G70/><T80/><D80/><U91/><E123/><V64/><F96/><W16/><G31/><T11/><D11/><U60/><E9/><V103/><F66/><W62/><G106/><T18/><D18/><U57/><E39/><V45/><F65/><W10/><G10/><RYUUKYOKU ba="0,1" sc="240,30,250,-10,250,-10,250,-10" hai0="8,14,17,21,23,50,55,56,73,75,77,81,87" /><INIT seed="0,1,1,3,0,28" ten="270,240,240,240" oya="0" hai0="112,82,11,46,134,22,15,17,110,67,55,64,39" hai1="6,32,89,80,87,58,73,43,120,76,38,133,45" hai2="116,104,128,129,107,98,20,88,25,127,57,27,131" hai3="108,135,47,122,70,4,94,85,71,56,132,61,126"/><T8/><D134/><N who="3" m="51241" /><G108/><T97/><D112/><U44/><E133/><V121/><F121/><W66/><G122/><T130/><D130/><U105/><E120/><V119/><F127/><W113/><G113/><T16/><D110/><U92/><E58/><V99/><F57/><W102/><G4/><T74/><D8/><U125/><E125/><V81/><F81/><W124/><G47/><T30/><D30/><U118/><E118/><N who="2" m="45099" /><F98/><N who="3" m="59735" /><G85/><T51/><D39/><U23/><E45/><V34/><F34/><W84/><G84/><T37/><D37/><U62/><E32/><V7/><F7/><W50/><G71/><T101/><D82/><U14/><E6/><V106/><F20/><W109/><G109/><T115/><D74/><U86/><E73/><V10/><F10/><W59/><G59/><T36/><D36/><U114/><E114/><V0/><F0/><W21/><G21/><T96/><D96/><U68/><E23/><V42/><F42/><W1/><G1/><T29/><D29/><U53/><E68/><V41/><F41/><W18/><G18/><T24/><REACH who="0" step="1"/><D115/><REACH who="0" ten="260,240,240,240" step="2"/><U117/><E117/><V83/><F83/><W65/><G50/><T40/><D40/><U63/><E43/><V123/><F123/><W77/><G77/><T2/><D2/><U78/><E78/><V54/><F54/><W95/><G126/><T75/><D75/><U19/><E53/><V12/><F99/><W26/><G124/><T69/><D69/><U111/><E111/><V5/><F88/><W31/><G70/><T100/><D100/><U103/><E103/><V33/><F33/><RYUUKYOKU ba="1,2" sc="260,15,240,-15,240,15,240,-15" hai0="11,15,16,17,22,24,46,51,55,64,67,97,101" hai2="5,12,25,27,104,106,107,128,129,131" /><INIT seed="0,2,2,0,3,50" ten="275,225,255,225" oya="0" hai0="132,91,0,117,58,124,83,28,57,59,9,18,68" hai1="112,90,125,116,111,37,118,135,43,89,10,114,51" hai2="55,24,75,27,130,16,41,127,109,40,71,56,95" hai3="34,122,73,15,30,62,67,108,47,99,101,31,35"/><T22/><D132/><U25/><E37/><V11/><F71/><N who="3" m="42487" /><G73/><T21/><D124/><U49/><E25/><V69/><F69/><W32/><G15/><T110/><D68/><U76/><E76/><V80/><F127/><W17/><G17/><T61/><D110/><U134/><E125/><V53/><F109/><W123/><G47/><T78/><D117/><N who="1" m="45163" /><E10/><V97/><F130/><W29/><G108/><T96/><D0/><U81/><E111/><V74/><F74/><W104/><G31/><T85/><D28/><U92/><E43/><N who="2" m="16459" /><F75/><W66/><G66/><T63/><D9/><U14/><E14/><N who="2" m="7263" /><F80/><W86/><G86/><T115/><D115/><N who="1" m="44075" /><E81/><V72/><F72/><W106/><G106/><T54/><D21/><U1/><E1/><V46/><F46/><W64/><G64/><T7/><D7/><U2/><E2/><V60/><F55/><W77/><G77/><T45/><D45/><U3/><E3/><V70/><F70/><W19/><G35/><T39/><D39/><U33/><E33/><V103/><AGARI ba="2,2" hai="24,27,53,56,60,95,97,103" m="7263,16459" machi="103" ten="30,4000,0" yaku="8,1,52,1,54,1" doraHai="50" who="2" fromWho="2" sc="275,-22,225,-12,255,66,225,-12" /><INIT seed="1,0,0,1,4,101" ten="253,213,321,213" oya="1" hai0="130,92,23,84,54,95,37,43,61,62,104,68,98" hai1="124,30,100,112,14,35,26,33,17,41,58,42,131" hai2="65,27,132,113,111,28,93,72,59,12,11,38,4" hai3="69,71,46,116,96,18,90,0,99,129,48,55,83"/><U106/><E112/><V21/><F113/><W70/><G129/><T60/><D130/><U16/><E131/><V40/><F72/><W103/><G116/><T88/><D68/><U39/><E35/><V53/><F111/><W126/><G126/><T32/><D32/><U107/><E124/><V25/><F132/><W2/><G18/><T56/><D37/><U3/><E3/><V78/><F78/><W77/><G90/><T51/><D43/><U125/><E125/><V36/><F40/><W118/><G118/><T108/><D108/><U109/><E109/><V85/><F65/><W10/><G10/><T134/><D134/><U22/><E42/><V34/><F93/><W122/><G122/><T123/><D123/><U7/><E7/><V49/><REACH who="2" step="1"/><F85/><REACH who="2" ten="253,213,311,213" step="2"/><W45/><G99/><T115/><D115/><U5/><E41/><V57/><F57/><W135/><G135/><T127/><D127/><U80/><E39/><V8/><F8/><W50/><G46/><T20/><REACH who="0" step="1"/><D104/><REACH who="0" ten="243,213,311,213" step="2"/><U6/><E107/><V114/><F114/><W63/><G45/><T91/><AGARI ba="0,2" hai="20,23,51,54,56,60,61,62,84,88,91,92,95,98" machi="91" ten="30,8000,1" yaku="1,1,2,1,0,1,8,1,54,1,53,0" doraHai="101" doraHaiUra="117" who="0" fromWho="0" sc="243,100,213,-40,311,-20,213,-20" /><INIT seed="2,0,0,0,0,130" ten="343,173,291,193" oya="2" hai0="13,0,21,51,110,82,14,50,72,80,101,118,29" hai1="11,61,92,67,73,125,58,22,122,131,105,75,44" hai2="57,48,45,25,32,31,12,55,46,89,1,56,37" hai3="134,60,115,8,18,129,78,43,113,102,123,108,23"/><V79/><F1/><W84/><G123/><T94/><D0/><U100/><E105/><V28/><F79/><W69/><G129/><T40/><D110/><U35/><E35/><V83/><F31/><W133/><G108/><T77/><D118/><U41/><E131/><V66/><F66/><N who="3" m="41159" /><G102/><T116/><D116/><U30/><E122/><V70/><F70/><W34/><G34/><T71/><D71/><U3/><E125/><V7/><F83/><N who="3" m="47223" /><G43/><T54/><D40/><U120/><E120/><V5/><F89/><W10/><G10/><T17/><D101/><U93/><E11/><V88/><F88/><W9/><G9/><T20/><D29/><U16/><E3/><V90/><F90/><W107/><G107/><T91/><D80/><U2/><E2/><V33/><F28/><W97/><G8/><T74/><D74/><U124/><E124/><V6/><F33/><W64/><G97/><T36/><D36/><U85/><E30/><V42/><F32/><W68/><G64/><T114/><D72/><U4/><E85/><V52/><F6/><W27/><G68/><T87/><D82/><U19/><E4/><V119/><F5/><W59/><G59/><T127/><D77/><U128/><E128/><V26/><F119/><W103/><G103/><T15/><D127/><U109/><E109/><V96/><F57/><W106/><G106/><T39/><D39/><N who="1" m="21567" /><E100/><V95/><F56/><W47/><G47/><T81/><D81/><U132/><E75/><V49/><F46/><W135/><AGARI ba="0,0" hai="18,23,27,113,115,133,134,135" m="47223,41159" machi="135" ten="40,8000,1" yaku="20,1,52,3" doraHai="130" who="3" fromWho="3" sc="343,-20,173,-20,291,-40,193,80" /><INIT seed="3,0,0,4,3,81" ten="323,153,251,273" oya="3" hai0="98,41,82,44,12,32,2,68,51,55,79,43,29" hai1="52,33,130,13,25,47,118,108,22,1,131,9,76" hai2="116,122,49,64,5,67,31,117,107,114,129,40,27" hai3="8,77,120,134,86,3,50,34,39,26,87,83,126"/><W14/><G120/><T11/><D68/><U71/><E71/><V111/><F114/><W104/><G39/><T124/><D2/><U121/><E121/><V37/><F122/><W109/><G104/><T99/><D124/><U38/><E38/><V96/><F111/><W101/><G126/><T17/><D32/><U112/><E112/><V135/><F37/><W70/><G70/><T15/><D29/><U125/><E108/><V88/><F129/><W72/><G3/><T85/><REACH who="0" step="1"/><D15/><REACH who="0" ten="313,153,251,273" step="2"/><U110/><E33/><V73/><F31/><W103/><G109/><T115/><D115/><U75/><E1/><V105/><F117/><W46/><G34/><T56/><D56/><U94/><E118/><V60/><F116/><W132/><G26/><T45/><D45/><U69/><E69/><V90/><F27/><W102/><G134/><T74/><D74/><U123/><E110/><V57/><F73/><W133/><G132/><T6/><D6/><U91/><E75/><V10/><F5/><W97/><G133/><T58/><D58/><U113/><E113/><V66/><F57/><W84/><G72/><T28/><D28/><U18/><E123/><V48/><F135/><W80/><G77/><T7/><D7/><U19/><E125/><V21/><F67/><W119/><G119/><T95/><D95/><U35/><E35/><V128/><F66/><W61/><G14/><T53/><D53/><U93/><E131/><V16/><F64/><W0/><G0/><T20/><D20/><U59/><E130/><V78/><F128/><W63/><G46/><T24/><D24/><RYUUKYOKU type="nm" ba="0,1" sc="313,-20,153,80,251,-20,273,-40" hai0="11,12,17,41,43,44,51,55,79,82,85,98,99" /><INIT seed="4,1,1,5,3,101" ten="293,233,231,233" oya="0" hai0="72,124,97,25,13,63,117,57,2,5,48,47,42" hai1="115,69,106,49,59,50,119,73,4,105,87,83,89" hai2="39,64,110,111,65,129,40,133,34,113,79,66,114" hai3="78,15,44,132,6,17,67,9,46,45,53,19,108"/><T30/><D124/><U14/><E69/><V41/><F79/><W22/><G108/><N who="2" m="41513" /><F34/><W37/><G132/><T33/><D117/><U29/><E119/><V99/><F99/><W85/><G67/><T112/><D112/><N who="2" m="43114" /><F133/><W104/><G104/><T26/><D72/><U11/><E115/><V128/><F39/><W84/><G37/><T3/><D25/><U71/><E71/><V8/><F8/><W82/><G84/><T107/><D5/><U62/><E73/><V100/><F100/><W127/><G127/><T135/><D135/><U23/><E23/><V32/><F32/><W95/><G95/><T93/><D13/><U92/><E29/><V102/><F102/><W120/><G120/><T116/><D116/><U118/><E118/><V31/><F31/><W43/><G43/><AGARI ba="1,1" hai="40,41,43,64,65,66,128,129" m="43114,41513" machi="43" ten="40,8000,1" yaku="28,2,15,1,34,2" doraHai="101" who="2" fromWho="3" sc="293,0,233,0,231,93,233,-83" /><INIT seed="5,0,0,5,2,7" ten="293,233,324,150" oya="1" hai0="109,118,101,11,99,114,80,4,104,17,92,35,63" hai1="31,13,117,91,85,120,128,132,77,47,119,15,43" hai2="83,23,93,33,124,125,55,88,39,69,75,34,62" hai3="70,56,28,18,25,46,16,112,86,81,121,21,54"/><U126/><E120/><V107/><F107/><W135/><G121/><T111/><D35/><U67/><E128/><V61/><F39/><W78/><G70/><T130/><D118/><U89/><E132/><V105/><F105/><W113/><G135/><T58/><D130/><U95/><E126/><N who="2" m="48747" /><F23/><W38/><G38/><T106/><D114/><U26/><E77/><N who="2" m="44479" /><F55/><W29/><G46/><T102/><D17/><U79/><E79/><V68/><F62/><W5/><G5/><T73/><D109/><U87/><E67/><N who="2" m="41071" /><F69/><W84/><G18/><T90/><D111/><U51/><E119/><V97/><AGARI ba="0,0" hai="33,34,88,93,97" m="41071,44479,48747" machi="97" ten="30,2000,0" yaku="18,1,54,1" doraHai="7" who="2" fromWho="2" sc="293,-5,233,-10,324,20,150,-5" /><INIT seed="6,0,0,5,4,43" ten="288,223,344,145" oya="2" hai0="37,134,103,93,94,30,83,65,67,106,127,116,10" hai1="101,31,114,49,20,46,122,86,129,70,5,128,25" hai2="111,79,75,121,6,97,104,48,55,33,2,123,29" hai3="59,68,89,61,21,92,135,40,124,15,56,130,105"/><V91/><F111/><W18/><G105/><T53/><D37/><U16/><E70/><V98/><F29/><W66/><G135/><T63/><D106/><U82/><E114/><V7/><F33/><W71/><G130/><N who="1" m="50282" /><E101/><V39/><F39/><W35/><G124/><T81/><D10/><U87/><E122/><V12/><F79/><W102/><G35/><T60/><D30/><U118/><E118/><V27/><F27/><W112/><G102/><T38/><D38/><U41/><E5/><V80/><F75/><W73/><G73/><T13/><D103/><U23/><E82/><V45/><F2/><W32/><G32/><T0/><D13/><AGARI ba="0,0" hai="13,16,20,23,25,31,41,46,49,86,87" m="50282" machi="13" ten="30,3900,0" yaku="19,1,52,1,54,1" doraHai="43" who="1" fromWho="0" sc="288,-39,223,39,344,0,145,0" /><INIT seed="7,0,0,2,3,48" ten="249,262,344,145" oya="3" hai0="73,91,55,123,114,26,132,31,122,63,76,33,1" hai1="29,42,36,44,124,47,70,127,111,83,49,34,120" hai2="129,15,56,20,98,135,133,107,3,21,92,82,17" hai3="72,64,121,50,113,41,37,23,94,87,101,95,134"/><W80/><G121/><T10/><D132/><N who="2" m="50762" /><F129/><W19/><G134/><T105/><D114/><U52/><E111/><V85/><F3/><W5/><G113/><T112/><D112/><U110/><E110/><V67/><F107/><W35/><G35/><T30/><D30/><U65/><E120/><V74/><F74/><W61/><G72/><T78/><D78/><U103/><E103/><N who="2" m="60871" /><F56/><W131/><G131/><T86/><D105/><U62/><E83/><V9/><F67/><W4/><G37/><T2/><D76/><AGARI ba="0,0" hai="9,15,17,20,21,76,82,85" m="60871,50762" machi="76" ten="30,1000,0" yaku="20,1" doraHai="48" who="2" fromWho="0" sc="249,-10,262,0,344,10,145,0" owari="239,-16.1,262,6.2,354,45.4,145,-35.5" /></mjloggm>