<mjloggm ver="2.3"><GO type="169" lobby="0"/><UN n0="%32%30%30%E6%88%A6%E5%8D%87%E7%89%B9" n1="%E6%82%94%E3%81%84%E3%82%BF%E3%83%B3" n2="%73%73%73%31%39%33%33" n3="%73%68%61%79%65" dan="17,16,16,16" rate="2209.40,2047.83,2106.28,2145.58" sx="M,M,F,M"/><TAIKYOKU oya="0"/><INIT seed="0,0,0,2,5,40" ten="250,250,250,250" oya="0" hai0="11,66,81,6,48,34,63,65,9,133,109,13,14" hai1="74,38,49,77,64,82,132,88,95,72,129,32,102" hai2="79,2,94,108,75,10,114,46,39,80,0,37,91" hai3="118,70,8,125,62,28,36,86,89,1,78,41,45"/><T7/><D133/><U33/><E38/><V59/><F114/><W4/><G125/><T103/><D34/><U22/><E132/><V96/><F108/><W26/><G118/><T97/><D109/><U105/><E129/><V60/><F10/><W120/><G120/><T42/><D81/><U111/><E72/><V127/><F39/><W43/><G78/><T128/><D128/><U57/><E22/><V67/><REACH who="2" step="1"/><F127/><REACH who="2" ten="250,250,240,250" step="2"/><W56/><G70/><T20/><D20/><U106/><E111/><V19/><F19/><W110/><G110/><T29/><D29/><U100/><E32/><V51/><F51/><W53/><G36/><T124/><D124/><U83/><E49/><V135/><F135/><W115/><G115/><T121/><D121/><U112/><E33/><V44/><F44/><W101/><G45/><N who="0" m="25655" /><D63/><U76/><E112/><V71/><F71/><W131/><G131/><T69/><D69/><U84/><E57/><V5/><F5/><W123/><G123/><T130/><D130/><U17/><E17/><V35/><F35/><W12/><G28/><T27/><D6/><U54/><E64/><V98/><F98/><W85/><G4/><N who="0" m="3239" /><D65/><U134/><E134/><V99/><F99/><W24/><G62/><T18/><D66/><U73/><E54/><V122/><F122/><W87/><G53/><T113/><D113/><U92/><E84/><V16/><F16/><W90/><G86/><T23/><D97/><U119/><E119/><V61/><F61/><W116/><G87/><T55/><D55/><U68/><E68/><V50/><F50/><W107/><G85/><RYUUKYOKU ba="0,1" sc="250,10,250,10,240,10,250,-30" hai0="7,11,14,18,23,27,103" hai1="73,74,76,77,82,83,88,92,95,100,102,105,106" hai2="0,2,37,46,59,60,67,75,79,80,91,94,96" /><INIT seed="0,1,1,3,2,116" ten="260,260,250,220" oya="0" hai0="48,40,38,8,134,130,87,88,26,64,60,133,5" hai1="28,57,41,112,135,66,126,14,106,18,92,129,80" hai2="89,73,19,56,118,65,119,108,12,55,128,107,59" hai3="75,97,52,0,71,79,44,110,90,81,70,131,86"/><T101/><D38/><U61/><E126/><V34/><F34/><W24/><G110/><T25/><D101/><U22/><E129/><V58/><F107/><W16/><G0/><T39/><D39/><U113/><E106/><V102/><F73/><W50/><G131/><T23/><D130/><U46/><E135/><N who="0" m="51721" /><D40/><U20/><E80/><V6/><F102/><W127/><G97/><T74/><D48/><U117/><E117/><N who="2" m="44555" /><F108/><W96/><G96/><T31/><D26/><U51/><E92/><V111/><F111/><W54/><G54/><T85/><D74/><U105/><E105/><V109/><F109/><W4/><G4/><T9/><D87/><U47/><E46/><V37/><F37/><W132/><G127/><T124/><D5/><U67/><E66/><V94/><F6/><W82/><REACH who="3" step="1"/><G132/><REACH who="3" ten="260,260,250,210" step="2"/><T83/><D124/><U53/><E53/><V2/><F2/><W62/><G62/><T27/><D27/><U45/><E47/><V7/><F7/><W21/><AGARI ba="1,2" hai="16,21,24,44,50,52,70,71,75,79,81,82,86,90" machi="21" ten="30,7900,0" yaku="1,1,0,1,54,2,53,0" doraHai="116" doraHaiUra="120" who="3" fromWho="3" sc="260,-40,260,-21,250,-21,210,102" /><INIT seed="1,0,0,0,1,69" ten="220,239,229,312" oya="1" hai0="108,43,55,119,11,33,26,114,50,5,58,49,86" hai1="102,42,30,88,35,105,93,4,123,14,1,84,48" hai2="36,82,16,103,40,125,104,134,135,89,23,80,8" hai3="64,75,115,59,77,17,129,110,107,122,38,131,85"/><U62/><E123/><V98/><F8/><W73/><G115/><T52/><D114/><U83/><E1/><V15/><F125/><W128/><G122/><T113/><D113/><U94/><E35/><V19/><F19/><W66/><G107/><T29/><D108/><U65/><E30/><V61/><F61/><W24/><G110/><T71/><D71/><U95/><E4/><V54/><F54/><W63/><G38/><T22/><D119/><U51/><E14/><V2/><F2/><W53/><G85/><T96/><D86/><U99/><REACH who="1" step="1"/><E42/><REACH who="1" ten="220,229,229,312" step="2"/><V97/><F135/><W39/><G128/><T27/><D43/><U74/><E74/><V101/><F134/><W6/><G75/><T121/><D121/><U68/><AGARI ba="0,1" hai="48,51,62,65,68,83,84,88,93,94,95,99,102,105" machi="68" ten="30,6000,0" yaku="1,1,0,1,54,1,53,0" doraHai="69" doraHaiUra="9" who="1" fromWho="1" sc="220,-20,229,70,229,-20,312,-20" /><INIT seed="1,1,0,1,2,98" ten="200,299,209,292" oya="1" hai0="111,103,88,108,17,91,28,30,117,118,67,45,4" hai1="71,23,78,131,132,127,37,65,130,20,48,90,39" hai2="102,70,115,107,80,101,13,3,109,106,62,129,99" hai3="93,33,27,12,59,96,81,133,19,25,50,43,55"/><U6/><E78/><V35/><F13/><W84/><G133/><T18/><D45/><U105/><E6/><V32/><F80/><W42/><G33/><N who="2" m="12873" /><F109/><W1/><G1/><T31/><D4/><U40/><E105/><V49/><F49/><W0/><G0/><T2/><D2/><U47/><E90/><N who="0" m="34345" /><D67/><U92/><E92/><V134/><F3/><W124/><G124/><T41/><D41/><U14/><E132/><V87/><F87/><W73/><G73/><T38/><D103/><U10/><E10/><V58/><F58/><W29/><G29/><T61/><D61/><N who="1" m="40367" /><E127/><V22/><F22/><N who="1" m="8233" /><E14/><V121/><F121/><W120/><G120/><T21/><D38/><U83/><E83/><V34/><F134/><W76/><G27/><T100/><D21/><U86/><E86/><V114/><F34/><W63/><G25/><T26/><D26/><U123/><E123/><V95/><F95/><W68/><G68/><T7/><D100/><U11/><E11/><V24/><F24/><W110/><G63/><T122/><D7/><U15/><E15/><V53/><F53/><W57/><G57/><T85/><D85/><U54/><E54/><V8/><F8/><N who="3" m="6535" /><G110/><N who="0" m="42027" /><D122/><U5/><E5/><V36/><F36/><W69/><G69/><T79/><D79/><U128/><AGARI ba="1,0" hai="37,39,40,47,48,128,130,131" m="8233,40367" machi="128" ten="40,2100,0" yaku="19,1" doraHai="98" who="1" fromWho="1" sc="200,-8,299,24,209,-8,292,-8" /><INIT seed="1,2,0,2,3,101" ten="192,323,201,284" oya="1" hai0="125,29,59,3,89,45,74,134,115,69,46,133,124" hai1="52,37,127,72,110,57,58,81,1,73,82,11,42" hai2="132,120,14,86,22,84,15,8,35,71,36,10,31" hai3="80,66,44,70,60,26,107,121,103,114,111,24,91"/><U16/><E127/><N who="0" m="48713" /><D74/><U34/><E34/><V102/><F120/><W64/><G114/><T62/><D3/><U78/><E110/><V49/><F36/><W17/><G121/><T61/><D89/><U33/><E33/><V112/><F71/><W23/><G111/><T119/><D29/><U90/><E90/><V63/><F35/><W99/><G64/><N who="0" m="41103" /><D115/><U12/><E1/><V30/><F49/><W116/><G116/><T47/><D119/><U123/><E123/><V97/><F63/><W105/><G44/><N who="0" m="11267" /><T75/><DORA hai="32" /><D75/><U21/><E42/><V18/><F112/><W2/><G2/><T76/><D76/><U100/><E37/><V129/><F102/><W50/><G91/><T19/><D19/><U117/><E100/><V98/><F18/><W6/><G80/><T7/><D7/><U94/><E117/><V104/><F22/><W109/><G6/><T38/><D38/><U53/><E21/><V65/><F31/><W56/><G109/><T131/><D131/><U113/><E113/><V25/><F129/><W48/><G17/><T135/><D135/><U126/><E126/><V130/><F130/><W93/><G23/><T55/><AGARI ba="2,0" hai="55,59,62,133,134" m="11267,41103,48713" machi="55" ten="40,5200,0" yaku="18,1,34,2" doraHai="101,32" who="0" fromWho="0" sc="192,58,323,-28,201,-15,284,-15" /><INIT seed="2,0,0,5,1,1" ten="250,295,186,269" oya="2" hai0="133,22,52,132,7,79,37,40,66,112,3,33,122" hai1="38,135,31,85,57,76,78,50,131,20,36,26,72" hai2="113,97,114,93,91,61,86,98,127,12,94,73,117" hai3="54,69,130,110,29,27,32,106,121,105,103,18,16"/><V28/><F28/><W67/><G121/><T56/><D33/><U125/><E131/><V46/><F117/><W62/><G130/><T43/><D122/><U95/><E125/><V115/><F127/><W47/><G110/><T87/><D66/><U116/><E135/><N who="0" m="51785" /><D37/><U88/><E116/><V59/><F73/><W17/><G103/><T11/><D112/><U6/><E72/><V70/><F70/><W51/><AGARI ba="0,0" hai="16,17,18,27,29,32,47,51,54,62,67,69,105,106" machi="51" ten="30,2000,0" yaku="0,1,54,1" doraHai="1" who="3" fromWho="3" sc="250,-5,295,-5,186,-10,269,20" /><INIT seed="3,0,0,4,3,3" ten="245,290,176,289" oya="3" hai0="71,87,26,128,47,125,64,120,57,59,117,84,0" hai1="30,58,86,119,104,16,72,85,24,36,10,70,39" hai2="6,5,122,46,52,114,21,99,38,2,96,40,50" hai3="101,61,118,97,13,106,79,68,19,45,89,23,12"/><W69/><G118/><T103/><D117/><U112/><E119/><V121/><F114/><W75/><G61/><T15/><D0/><U124/><E70/><V17/><F99/><W35/><G35/><T65/><D120/><N who="2" m="46186" /><F96/><W129/><G129/><T25/><D71/><U67/><E72/><V62/><F62/><W7/><G89/><T74/><D74/><U100/><E124/><V8/><F8/><W41/><G79/><T34/><D34/><U27/><E104/><V126/><F2/><W115/><G75/><T18/><D128/><U29/><E100/><V42/><F126/><W132/><G132/><T14/><D103/><U102/><E102/><V22/><F22/><W82/><G82/><T54/><D125/><U37/><E112/><V76/><F76/><W73/><G73/><T80/><D80/><U49/><E67/><V53/><F53/><W31/><G31/><T134/><D54/><N who="1" m="32079" /><E29/><V130/><F130/><W32/><G32/><T113/><D113/><U94/><E30/><V91/><F91/><W95/><G106/><T55/><D55/><U11/><E11/><V44/><F42/><W88/><G101/><T105/><D105/><U116/><E10/><V111/><F111/><W109/><G109/><T78/><D78/><U48/><E116/><V63/><F63/><W110/><G110/><T93/><D134/><U56/><E86/><V77/><F77/><W92/><G115/><T66/><D65/><U98/><E85/><V108/><F108/><W9/><REACH who="3" step="1"/><G95/><REACH who="3" ten="245,290,176,279" step="2"/><T123/><D93/><U131/><E131/><V133/><F133/><W107/><G107/><RYUUKYOKU ba="0,1" sc="245,-15,290,-15,176,15,279,15" hai2="5,6,17,21,38,40,44,46,50,52" hai3="7,9,12,13,19,23,41,45,68,69,88,92,97" /><INIT seed="3,1,1,5,0,122" ten="230,275,191,294" oya="3" hai0="30,7,79,15,110,29,135,36,13,69,45,35,72" hai1="128,65,40,105,83,127,64,120,102,119,57,63,125" hai2="71,74,6,55,80,26,24,9,17,87,21,106,0" hai3="28,62,114,48,121,4,118,75,124,14,32,89,116"/><W19/><G121/><T95/><D69/><U5/><E120/><V104/><F74/><W51/><G114/><T68/><D68/><U111/><E128/><V101/><F71/><W38/><G75/><T70/><D70/><U126/><E119/><V31/><F55/><W90/><G38/><T78/><D35/><U134/><E134/><V94/><F101/><W96/><G124/><T10/><D135/><U56/><E5/><V132/><F94/><W76/><G76/><T8/><D95/><U103/><E83/><V60/><F60/><W100/><G4/><T97/><D97/><U77/><E77/><V50/><F50/><W66/><G116/><T22/><D72/><U130/><E130/><V131/><F131/><W73/><G73/><T12/><D36/><U37/><E105/><V86/><F86/><W1/><G1/><T61/><D45/><N who="1" m="23695" /><E111/><V43/><F43/><W117/><G117/><T92/><D92/><U41/><E41/><V34/><REACH who="2" step="1"/><F132/><REACH who="2" ten="230,275,181,294" step="2"/><W108/><G62/><AGARI ba="1,2" hai="56,57,62,63,64,65,102,103,125,126,127" m="23695" machi="62" ten="30,1000,0" yaku="18,1" doraHai="122" who="1" fromWho="3" sc="230,0,275,33,181,0,294,-13" /><INIT seed="4,0,0,2,2,82" ten="230,308,181,281" oya="0" hai0="42,69,78,0,2,96,112,131,98,127,126,80,128" hai1="121,88,116,12,124,63,107,94,122,134,71,51,79" hai2="20,118,119,57,48,9,46,33,76,100,34,65,105" hai3="49,27,38,91,133,89,40,18,41,32,132,5,36"/><T68/><D42/><U115/><E116/><V87/><F9/><W108/><G5/><T59/><D59/><U102/><E79/><V120/><F120/><W23/><G32/><T60/><D60/><U66/><E124/><N who="0" m="47657" /><D112/><U93/><E134/><N who="3" m="51818" /><G49/><T123/><D123/><U45/><E107/><V29/><F100/><W75/><G75/><T22/><D22/><U50/><E115/><V7/><F7/><W95/><G91/><T83/><D98/><U19/><E102/><V1/><F105/><W104/><G104/><T17/><D96/><U101/><E94/><V44/><F1/><N who="0" m="618" /><D17/><U85/><E101/><V129/><F118/><W67/><G67/><T3/><N who="0" m="626" /><T125/><N who="0" m="47665" /><DORA hai="39" /><T61/><DORA hai="111" /><D61/><U35/><E35/><V72/><F34/><W15/><G41/><T52/><D52/><U77/><E51/><V56/><F48/><W113/><G40/><T37/><D37/><U26/><E26/><V92/><F33/><W110/><G113/><T58/><D58/><U11/><REACH who="1" step="1"/><E77/><REACH who="1" ten="230,298,181,281" step="2"/><V28/><F76/><W62/><G38/><T103/><D103/><U70/><E70/><N who="0" m="27241" /><D78/><U130/><E130/><AGARI ba="0,1" hai="80,83,128,130,131" m="27241,626,47665" machi="130" ten="60,12000,1" yaku="28,2,19,1,18,1" doraHai="82,39,111" who="0" fromWho="1" sc="230,130,298,-120,181,0,281,0" /><INIT seed="4,1,0,0,2,110" ten="360,178,181,281" oya="0" hai0="91,49,29,103,40,7,37,95,133,11,45,39,33" hai1="18,62,23,32,116,108,76,94,1,43,15,60,35" hai2="63,9,118,132,129,30,115,99,65,113,36,25,47" hai3="123,107,55,81,117,58,121,22,128,3,50,6,86"/><T70/><D70/><U112/><E108/><V120/><F120/><N who="3" m="46155" /><G107/><T4/><D133/><U69/><E116/><V13/><F132/><W38/><G38/><T79/><D7/><U48/><E1/><V90/><F118/><W14/><G128/><T127/><D127/><U68/><E76/><V88/><F47/><W111/><G111/><T106/><D79/><U130/><E130/><V124/><F36/><W93/><G3/><T54/><D103/><U0/><E0/><V98/><F124/><W87/><G81/><T75/><D75/><U119/><E119/><V21/><F129/><W27/><G93/><T46/><D106/><U126/><E126/><V19/><F99/><W83/><G83/><T97/><D37/><U109/><E109/><V67/><F67/><W80/><G80/><T59/><D33/><U72/><E72/><V85/><F98/><W77/><G77/><T96/><D96/><U73/><E73/><V20/><F9/><N who="3" m="4407" /><G117/><T134/><D134/><U84/><E94/><V28/><F28/><AGARI ba="1,0" hai="22,27,28,50,55,58,86,87" m="4407,46155" machi="28" ten="30,1000,0" yaku="13,1" doraHai="110" who="3" fromWho="2" sc="360,0,178,0,181,-13,281,13" /><INIT seed="5,0,0,3,0,120" ten="360,178,168,294" oya="1" hai0="24,73,4,77,0,46,20,112,76,47,85,82,64" hai1="66,75,122,119,34,41,32,35,127,69,39,19,99" hai2="59,97,2,65,132,70,78,52,103,7,93,51,131" hai3="56,125,53,55,50,106,135,123,45,23,95,115,102"/><U87/><E119/><V30/><F132/><W109/><G109/><T130/><D112/><U67/><E75/><V6/><F131/><W81/><G125/><T33/><D33/><U18/><E122/><V111/><F78/><W105/><G115/><T68/><D130/><U74/><E74/><V8/><F7/><W116/><G135/><T26/><D26/><U40/><E87/><V11/><F11/><W98/><G116/><T96/><D96/><U3/><E99/><V1/><F30/><W29/><G81/><T133/><D133/><U114/><E114/><V27/><F27/><W22/><G123/><T54/><D54/><U89/><E89/><V25/><F25/><W13/><G29/><T28/><D0/><U36/><E3/><V48/><F48/><W121/><G121/><T108/><D4/><U117/><E69/><V31/><F31/><W72/><G72/><T113/><D108/><U42/><E127/><V129/><F129/><W90/><G102/><T57/><D68/><U101/><E101/><V80/><F80/><W58/><G45/><T104/><D104/><U126/><E117/><V16/><F111/><W124/><G124/><T107/><D107/><U43/><N who="1" m="10240" /><DORA hai="71" /><U5/><E5/><V15/><REACH who="2" step="1"/><F6/><REACH who="2" ten="360,178,158,294" step="2"/><W14/><G50/><T86/><D113/><U60/><E126/><V88/><F88/><W92/><G90/><T62/><D76/><U100/><E100/><V128/><F128/><W10/><G10/><T79/><D77/><U110/><E110/><V91/><F91/><W61/><G98/><T84/><AGARI ba="0,1" hai="20,24,28,46,47,57,62,64,73,79,82,84,85,86" machi="84" ten="30,1100,0" yaku="0,1" doraHai="120,71" who="0" fromWho="0" sc="360,21,178,-5,158,-3,294,-3" /><INIT seed="6,0,0,1,2,1" ten="381,173,155,291" oya="2" hai0="115,120,86,2,20,39,125,47,30,90,79,77,44" hai1="28,127,81,25,89,15,10,41,107,48,106,122,29" hai2="24,36,4,132,21,124,135,40,72,126,26,16,71" hai3="108,13,50,55,112,66,62,34,67,3,53,105,0"/><V76/><F71/><W99/><G108/><T117/><D120/><U57/><E127/><N who="2" m="48683" /><F26/><W49/><G34/><T133/><D2/><U88/><E122/><V12/><F40/><W7/><G112/><T43/><D125/><U121/><E121/><V31/><F36/><W98/><G13/><T80/><D115/><U103/><E103/><V42/><F42/><W78/><G78/><T92/><D133/><N who="2" m="51274" /><F76/><W84/><G62/><T6/><D79/><U75/><E29/><V97/><F97/><W27/><G27/><T119/><D39/><U129/><E41/><V46/><F46/><W130/><G98/><T102/><D43/><U63/><E25/><V87/><F87/><W45/><G84/><T134/><D134/><U9/><E28/><V69/><F72/><W100/><G99/><N who="0" m="59751" /><D77/><U128/><E75/><V38/><F69/><W33/><G45/><T110/><D47/><U118/><E118/><N who="0" m="45065" /><D44/><U8/><E63/><V101/><F101/><W82/><G100/><T37/><D37/><U64/><E48/><V70/><F70/><W17/><G50/><T68/><D68/><U93/><E57/><V74/><F74/><W61/><G49/><T5/><D110/><U22/><E64/><V83/><F38/><W109/><G61/><T18/><D30/><U96/><E106/><V65/><F65/><W116/><G105/><T23/><D86/><N who="1" m="50255" /><E107/><V104/><F104/><W123/><G67/><T94/><D90/><U113/><E113/><V52/><F52/><W60/><G66/><T114/><D114/><U111/><E111/><V32/><F83/><W131/><G116/><RYUUKYOKU ba="0,0" sc="381,-15,173,15,155,15,291,-15" hai1="8,9,10,15,22,89,93,96,128,129" hai2="4,12,16,21,24,31,32" /><INIT seed="6,1,0,2,5,33" ten="366,188,170,276" oya="2" hai0="109,23,47,68,56,101,103,120,123,55,127,13,110" hai1="119,77,6,106,61,41,32,122,79,75,111,48,104" hai2="74,135,4,125,35,10,37,7,76,116,27,42,117" hai3="53,43,73,62,98,18,5,100,124,51,22,29,93"/><V39/><F125/><W114/><G124/><T95/><D68/><U86/><E111/><V21/><F35/><W40/><G73/><T54/><D127/><U2/><E119/><V71/><F71/><W82/><G114/><T65/><D65/><U128/><E75/><V67/><F67/><W87/><G29/><T91/><D110/><U126/><E126/><V1/><F7/><W12/><G62/><N who="0" m="36119" /><D109/><U38/><E38/><V59/><F59/><W97/><G97/><T130/><D130/><U132/><E104/><V96/><F96/><W26/><G26/><T72/><D72/><U89/><E106/><V94/><F94/><W8/><G22/><T44/><D120/><U115/><E115/><V16/><F135/><W105/><G5/><T83/><D83/><U31/><E128/><V14/><F27/><W108/><G105/><T102/><D55/><U24/><E132/><V60/><F60/><W28/><G28/><T57/><D57/><U9/><E61/><V46/><F39/><W70/><G70/><T129/><D129/><U69/><E122/><V58/><F58/><N who="3" m="33087" /><G108/><T121/><D121/><U63/><E63/><V80/><AGARI ba="1,0" hai="1,4,10,14,16,21,37,42,46,74,76,80,116,117" machi="80" ten="30,12000,1" yaku="0,1,25,2,52,1,54,1" doraHai="33" who="2" fromWho="2" sc="366,-41,188,-41,170,123,276,-41" /><INIT seed="6,2,0,0,3,81" ten="325,147,293,235" oya="2" hai0="120,24,63,59,39,119,110,61,74,0,78,2,95" hai1="93,131,121,104,58,66,116,111,87,19,56,12,49" hai2="9,134,123,86,135,70,45,101,28,128,5,51,98" hai3="97,113,105,34,68,50,77,27,37,18,106,84,41"/><V69/><F123/><W26/><G68/><T71/><D120/><U55/><E131/><V15/><F28/><W52/><G113/><T42/><D110/><U3/><E121/><V40/><F128/><W94/><G37/><T11/><D71/><U8/><E111/><V122/><F122/><W1/><G41/><T91/><D119/><U7/><E104/><V75/><F75/><W79/><G1/><T57/><D78/><U133/><E133/><N who="2" m="50699" /><F86/><W88/><G34/><T10/><D74/><U54/><E66/><V6/><F6/><W4/><G4/><T38/><D42/><U115/><E115/><V130/><F130/><W85/><G105/><AGARI ba="2,0" hai="5,9,15,40,45,51,69,70,98,101,105" m="50699" machi="105" ten="30,1500,0" yaku="20,1" doraHai="81" who="2" fromWho="3" sc="325,0,147,0,293,21,235,-21" /><INIT seed="6,3,0,5,4,7" ten="325,147,314,214" oya="2" hai0="11,70,55,132,41,31,111,94,35,101,24,21,117" hai1="61,36,27,0,92,16,99,54,2,124,8,105,80" hai2="49,57,65,134,115,18,33,37,62,96,90,23,135" hai3="119,50,15,45,103,4,10,127,74,48,88,107,120"/><V93/><F37/><W97/><G119/><T52/><D111/><U12/><E124/><V53/><F33/><W78/><G120/><T30/><D70/><U40/><E105/><V6/><F6/><W47/><G127/><T110/><D110/><U133/><E133/><V19/><F115/><W32/><G32/><T112/><D112/><U81/><E36/><V82/><F82/><W64/><G64/><T106/><D106/><U86/><E40/><V68/><F68/><W83/><BYE who="2" /><G48/><T108/><D108/><U118/><E118/><UN n2="%73%73%73%31%39%33%33" /><V34/><F34/><W25/><G25/><T29/><D117/><U76/><E81/><V89/><F89/><W121/><G121/><T17/><D35/><U100/><REACH who="1" step="1"/><E27/><REACH who="1" ten="325,137,314,214" step="2"/><V109/><F109/><W42/><G42/><T28/><D41/><U63/><E63/><V13/><F135/><W122/><G50/><T129/><D132/><U123/><E123/><V46/><F134/><W84/><G122/><T67/><D24/><U72/><E72/><V77/><F77/><W3/><G3/><T75/><D75/><U73/><E73/><V20/><REACH who="2" step="1"/><F19/><REACH who="2" ten="325,137,304,214" step="2"/><W79/><G79/><T56/><D17/><U9/><E9/><AGARI ba="3,2" hai="9,13,18,20,23,46,49,53,57,62,65,90,93,96" machi="9" ten="30,12000,1" yaku="1,1,2,1,7,1,8,1,52,1,53,0" doraHai="7" doraHaiUra="22" who="2" fromWho="1" sc="325,0,137,-129,304,149,214,0" /><INIT seed="6,4,0,3,3,90" ten="325,8,453,214" oya="2" hai0="6,96,36,13,64,120,62,91,18,15,109,85,98" hai1="100,51,127,50,81,38,55,114,27,39,12,92,9" hai2="10,42,67,31,82,99,63,35,21,24,11,129,103" hai3="68,118,3,93,113,89,1,46,112,14,76,23,25"/><V2/><F129/><W131/><G118/><T5/><D36/><U32/><E81/><V134/><F134/><W124/><G68/><T116/><D120/><U84/><E84/><V16/><F42/><W78/><G131/><T20/><D109/><U106/><E27/><V30/><F82/><W123/><G123/><T135/><D135/><U22/><E12/><V29/><F2/><W74/><G14/><T73/><D73/><U61/><E9/><V56/><REACH who="2" step="1"/><F35/><REACH who="2" ten="325,8,443,214" step="2"/><W133/><G133/><T132/><D132/><U37/><E32/><V65/><F65/><W44/><G3/><T17/><D64/><U70/><E106/><AGARI ba="4,1" hai="10,11,16,21,24,29,30,31,56,63,67,99,103,106" machi="106" ten="40,3900,0" yaku="1,1,54,1,53,0" doraHai="90" doraHaiUra="72" who="2" fromWho="1" sc="325,0,8,-51,443,61,214,0" owari="325,12.5,-43,-54.3,504,60.4,214,-18.6" /></mjloggm>