<mjloggm ver="2.3"><GO type="169" lobby="0"/><UN n0="%E3%83%A8%E3%82%B3%E3%83%86%E3%82%A3%E3%83%B3%40" n1="%E3%81%82%E3%81%84%E3%81%93%E3%81%99" n2="%E3%83%90%E3%82%AD" n3="%E9%AB%98%E6%A9%8B%E8%89%AF%E5%A4%AA" dan="16,16,16,16" rate="2189.35,2111.21,2183.55,2119.47" sx="M,M,M,M"/><TAIKYOKU oya="0"/><INIT seed="0,0,0,2,2,51" ten="250,250,250,250" oya="0" hai0="94,131,8,77,115,28,15,59,44,20,104,60,106" hai1="128,13,83,21,86,121,50,92,57,1,63,11,122" hai2="100,18,16,49,5,69,76,34,4,88,66,84,130" hai3="62,133,39,112,36,108,40,29,111,82,90,119,132"/><T127/><D115/><U105/><E105/><V58/><F130/><W89/><G112/><T43/><D131/><U123/><E128/><V10/><F34/><W38/><G119/><T25/><D127/><U53/><E92/><V46/><F69/><W74/><G29/><T22/><D77/><U17/><E63/><N who="2" m="38263" /><F100/><W61/><G40/><T24/><D94/><U14/><E1/><V55/><F76/><W129/><G129/><T81/><D81/><U70/><E70/><V103/><F103/><W27/><G27/><T80/><D80/><U56/><E56/><V124/><F124/><W37/><G36/><T97/><D97/><U41/><E41/><V93/><F10/><W6/><G6/><AGARI ba="0,0" hai="4,5,6,16,18,46,49,55,84,88,93" m="38263" machi="6" ten="30,7700,0" yaku="8,1,52,1,54,2" doraHai="51" who="2" fromWho="3" sc="250,0,250,0,250,77,250,-77" /><INIT seed="1,0,0,0,0,85" ten="250,250,327,173" oya="1" hai0="52,83,124,108,100,105,44,51,33,104,59,4,89" hai1="19,123,115,64,81,118,5,18,72,134,97,41,135" hai2="11,76,43,42,94,23,93,91,80,56,114,25,120" hai3="107,71,129,74,14,49,10,109,48,40,127,95,58"/><U82/><E123/><V88/><F120/><W103/><G71/><T111/><D33/><U12/><E118/><V6/><F114/><W110/><G74/><T106/><D124/><U30/><E115/><V113/><F113/><W55/><G107/><T126/><D126/><U101/><E30/><V53/><F76/><W38/><G38/><T47/><D4/><U16/><E41/><N who="2" m="15371" /><F80/><N who="1" m="30825" /><E72/><V79/><F79/><W92/><G129/><T34/><D34/><U61/><E5/><V29/><F11/><W45/><G127/><T66/><D66/><U112/><E112/><V13/><F13/><W24/><G24/><T77/><D100/><U84/><E84/><V67/><F67/><W132/><G132/><N who="1" m="50730" /><E12/><V39/><F6/><N who="3" m="3415" /><G103/><T122/><D122/><U69/><E19/><V99/><F39/><W65/><G65/><T27/><D27/><U98/><E98/><N who="2" m="57639" /><F53/><W90/><G90/><T2/><D89/><U20/><E20/><V62/><F62/><W7/><G7/><T125/><D2/><U78/><E78/><V32/><F32/><W60/><G60/><T15/><D125/><U0/><E0/><V3/><F3/><W26/><G26/><T130/><D15/><U9/><E9/><V133/><F133/><W119/><G119/><T54/><D130/><U37/><E37/><V8/><F8/><W73/><G73/><T17/><D106/><AGARI ba="0,0" hai="16,18,61,64,69,97,101,106" m="50730,30825" machi="106" ten="30,2900,0" yaku="20,1,54,1" doraHai="85" who="1" fromWho="0" sc="250,-29,250,29,327,0,173,0" /><INIT seed="1,1,0,2,0,38" ten="221,279,327,173" oya="1" hai0="58,109,18,104,12,88,57,131,114,25,98,125,49" hai1="99,112,92,102,135,9,24,41,123,39,34,83,55" hai2="16,54,106,85,70,3,35,91,74,97,28,134,6" hai3="80,111,11,130,30,117,95,21,110,107,120,8,128"/><U61/><E123/><V32/><F74/><W133/><G107/><T119/><D119/><U29/><E112/><V59/><F70/><W78/><G95/><N who="0" m="56679" /><D114/><U14/><E135/><V76/><F134/><W17/><G80/><T19/><D104/><U73/><E55/><V84/><F76/><W79/><G78/><T81/><D131/><N who="3" m="50217" /><G79/><T4/><D125/><U20/><E83/><V26/><F35/><W33/><G133/><T64/><D81/><U105/><E73/><V69/><F69/><W0/><G120/><T51/><D4/><U46/><E61/><V77/><F77/><W31/><G33/><T82/><D82/><U52/><E52/><V53/><F53/><W22/><G117/><T37/><D37/><U47/><E47/><V42/><F54/><W65/><G65/><T68/><D68/><U72/><E72/><V108/><F6/><N who="3" m="1095" /><G11/><N who="0" m="6431" /><D109/><N who="3" m="41481" /><G21/><N who="0" m="13503" /><D64/><U15/><E105/><V50/><F106/><W5/><G5/><T127/><D127/><U27/><REACH who="1" step="1"/><E9/><REACH who="1" ten="221,269,327,173" step="2"/><V86/><F108/><W96/><G96/><T2/><D2/><U71/><E71/><V1/><F97/><W66/><G66/><T63/><D63/><U90/><E90/><V122/><F91/><W23/><G23/><T124/><D124/><U75/><E75/><V100/><F1/><W115/><G115/><T7/><D7/><U44/><E44/><V48/><F3/><W40/><G22/><T103/><D103/><U10/><E10/><V67/><F100/><W45/><G45/><T56/><AGARI ba="1,1" hai="49,51,56,57,58" m="13503,6431,56679" machi="56" ten="30,2000,0" yaku="8,1,54,1" doraHai="38" who="0" fromWho="0" sc="221,33,269,-11,327,-6,173,-6" /><INIT seed="2,0,0,0,4,94" ten="254,258,321,167" oya="2" hai0="72,23,71,101,88,128,132,91,6,59,66,28,22" hai1="50,125,85,10,64,112,68,103,63,129,12,14,121" hai2="83,7,5,62,41,11,119,106,20,61,13,93,84" hai3="100,16,52,82,102,40,55,32,89,90,53,9,92"/><V19/><F119/><W111/><G111/><T77/><D71/><U114/><E129/><V0/><F106/><W1/><G32/><T65/><D128/><U131/><E131/><V97/><F41/><W127/><G127/><T35/><D6/><U37/><E37/><V95/><F5/><W117/><G117/><T34/><D101/><U47/><E125/><V109/><F109/><W81/><G1/><T56/><D77/><U104/><E85/><V54/><F54/><W48/><G89/><T78/><D78/><U51/><E51/><V76/><REACH who="2" step="1"/><F93/><REACH who="2" ten="254,258,311,167" step="2"/><W113/><G113/><T130/><D130/><U31/><E114/><V25/><F25/><W116/><G116/><T46/><D132/><U57/><E112/><V96/><F96/><N who="3" m="57367" /><G40/><T49/><D66/><U3/><E64/><V2/><F2/><W134/><G134/><T79/><D65/><U124/><E3/><V45/><F45/><W29/><G48/><T105/><D46/><U36/><E50/><V15/><F15/><N who="3" m="7279" /><G29/><T99/><D49/><U75/><E36/><V18/><F18/><W107/><G107/><T73/><D105/><U135/><E104/><V133/><F133/><W26/><G26/><T126/><D126/><U4/><E124/><V60/><F60/><W69/><G69/><T33/><D72/><U98/><E75/><V122/><F122/><W58/><G58/><T8/><D73/><U24/><E68/><V17/><F17/><W87/><G87/><T86/><D59/><U67/><E57/><V74/><F74/><W38/><G38/><T118/><D56/><U27/><E135/><RYUUKYOKU ba="0,1" sc="254,-15,258,-15,311,15,167,15" hai2="0,7,11,13,19,20,61,62,76,83,84,95,97" hai3="52,53,55,81,82,100,102" /><INIT seed="2,1,1,3,0,47" ten="239,243,326,182" oya="2" hai0="11,79,35,131,2,24,114,17,58,105,127,106,36" hai1="5,101,83,30,40,104,117,66,119,118,41,16,19" hai2="132,14,12,115,120,96,81,25,116,71,15,56,49" hai3="99,1,123,108,125,31,128,29,77,55,67,48,102"/><V87/><F116/><W78/><G1/><T107/><D114/><U110/><E110/><V86/><F120/><W43/><G123/><T0/><D36/><U61/><E5/><V103/><F71/><W8/><G125/><T6/><D127/><U134/><E134/><V26/><F115/><W94/><G128/><T21/><D131/><U65/><E83/><V98/><F132/><W52/><G108/><T28/><D79/><N who="3" m="30217" /><G67/><T38/><D38/><U91/><E91/><N who="2" m="51663" /><F87/><W88/><G8/><T90/><D90/><U73/><E73/><V44/><F56/><W75/><G75/><T113/><D58/><U133/><E133/><V85/><F85/><W27/><G102/><T54/><D54/><N who="3" m="20521" /><G27/><N who="2" m="10249" /><F103/><W92/><G94/><T72/><D72/><U100/><E119/><V18/><F18/><W111/><G111/><T80/><D113/><U33/><E33/><V62/><F62/><W74/><G74/><T70/><D70/><U129/><E61/><V89/><F89/><W10/><G10/><T57/><D0/><U126/><E126/><V3/><F3/><W34/><G34/><T46/><D46/><AGARI ba="1,1" hai="29,31,43,46,48,88,92,99" m="20521,30217" machi="46" ten="30,7700,0" yaku="8,1,52,1,54,2" doraHai="47" who="3" fromWho="0" sc="239,-80,243,0,326,0,182,90" /><INIT seed="3,0,0,4,2,129" ten="159,243,326,272" oya="3" hai0="35,13,91,88,135,24,76,104,117,51,84,72,5" hai1="39,102,20,21,48,27,34,47,46,105,23,65,81" hai2="61,113,37,17,78,123,28,112,25,12,73,80,124" hai3="90,126,52,133,118,100,103,7,119,50,121,32,132"/><W3/><G121/><T108/><D117/><U10/><E39/><V134/><F37/><W70/><G32/><T71/><D71/><U87/><E65/><V42/><F42/><W41/><G70/><T64/><D104/><U98/><E10/><V120/><F124/><W83/><G41/><T125/><D125/><U111/><E111/><V127/><F61/><W128/><G126/><T56/><D108/><U114/><E114/><V44/><F44/><W19/><G128/><T15/><D72/><U45/><E34/><N who="2" m="20751" /><F127/><W2/><G19/><T99/><D35/><U86/><E48/><V74/><F74/><W92/><G83/><N who="0" m="47207" /><D24/><U31/><REACH who="1" step="1"/><E87/><REACH who="1" ten="159,233,326,272" step="2"/><V11/><F113/><W106/><G119/><T66/><D66/><U6/><E6/><V89/><F112/><W115/><G118/><T30/><D5/><U22/><E22/><V60/><F123/><W29/><G115/><T9/><D9/><U116/><E116/><V43/><F11/><W85/><G7/><T95/><D64/><U122/><E122/><V58/><F120/><W67/><G67/><T77/><D51/><U101/><E101/><N who="3" m="38986" /><G106/><T97/><D30/><U130/><E130/><V68/><F73/><W93/><G29/><T55/><D13/><U54/><E54/><V69/><F69/><W38/><G38/><T62/><D15/><U96/><E96/><V36/><F68/><W53/><G53/><T107/><D107/><U110/><E110/><V109/><F36/><W79/><G52/><T57/><D99/><U8/><E8/><V94/><F109/><W0/><G50/><T49/><D49/><RYUUKYOKU ba="0,1" sc="159,-10,233,30,326,-10,272,-10" hai1="20,21,23,27,31,45,46,47,81,86,98,102,105" /><INIT seed="4,1,1,4,1,16" ten="149,263,316,262" oya="0" hai0="85,14,133,47,92,98,54,13,38,80,115,24,27" hai1="46,63,82,129,89,40,102,6,4,120,114,130,124" hai2="87,103,1,50,90,0,74,53,3,88,107,104,113" hai3="9,135,118,100,105,23,12,119,49,26,55,37,43"/><T86/><D133/><U8/><E120/><V5/><F74/><W71/><G71/><T112/><D38/><U73/><E124/><V121/><F121/><W2/><G2/><T94/><D47/><U29/><E29/><V68/><F68/><W91/><G135/><T17/><D54/><U21/><E63/><V28/><F113/><W45/><G91/><T25/><D112/><U93/><E102/><V81/><F5/><W41/><G105/><T110/><D110/><U106/><E106/><V96/><F28/><W72/><G100/><T7/><D7/><U131/><E114/><V22/><F22/><W61/><G61/><T59/><D59/><U75/><E21/><V33/><F33/><W111/><G72/><N who="1" m="27722" /><E82/><V32/><F32/><W101/><G101/><N who="0" m="60615" /><D14/><U34/><E34/><V69/><F69/><W108/><G111/><T134/><D134/><U57/><E57/><V64/><F107/><W51/><G37/><T35/><D35/><U66/><E66/><V132/><F64/><W52/><G108/><T99/><D80/><U56/><E56/><V44/><REACH who="2" step="1"/><F132/><REACH who="2" ten="149,263,306,262" step="2"/><W42/><G118/><T127/><D115/><U76/><E4/><V20/><F20/><W11/><G119/><T126/><D126/><U125/><E125/><V36/><F36/><W67/><G67/><T65/><D65/><U123/><E123/><V77/><AGARI ba="1,2" hai="0,1,3,44,50,53,77,81,87,88,90,96,103,104" machi="77" ten="30,7900,0" yaku="1,1,0,1,54,1,53,1" doraHai="16" doraHaiUra="78" who="2" fromWho="2" sc="149,-40,263,-21,306,102,262,-21" /><INIT seed="5,0,0,4,1,111" ten="109,242,408,241" oya="1" hai0="96,82,69,84,87,29,31,61,75,113,70,14,6" hai1="127,7,92,100,60,119,128,43,88,86,112,17,37" hai2="34,104,27,78,102,77,91,123,49,38,109,116,18" hai3="73,131,26,85,98,21,48,133,25,66,79,55,124"/><U83/><E119/><V80/><F109/><W81/><G131/><T45/><D75/><U24/><E128/><V122/><F38/><W53/><G133/><T2/><D2/><U132/><E132/><V5/><F5/><W39/><G39/><T57/><D45/><U99/><E127/><V30/><F116/><W103/><G124/><T115/><D96/><U12/><E7/><V129/><F129/><W125/><G125/><T68/><D6/><U35/><E37/><V19/><F77/><W11/><G11/><T1/><D14/><U9/><E43/><V114/><F91/><W22/><G73/><T52/><D1/><U10/><E10/><V120/><F49/><W71/><G66/><T65/><D65/><U130/><E60/><V51/><F51/><W32/><G32/><T108/><D108/><U46/><E46/><V117/><F117/><W74/><G71/><T8/><D8/><U13/><E13/><V97/><REACH who="2" step="1"/><F114/><REACH who="2" ten="109,242,398,241" step="2"/><N who="0" m="43530" /><D87/><AGARI ba="0,1" hai="18,19,27,30,34,78,80,87,97,102,104,120,122,123" machi="87" ten="40,2600,0" yaku="1,1,53,1" doraHai="111" doraHaiUra="95" who="2" fromWho="0" sc="109,-26,242,0,398,36,241,0" /><INIT seed="6,0,0,3,5,55" ten="83,242,434,241" oya="2" hai0="64,7,66,32,93,62,125,18,59,22,0,104,12" hai1="8,30,67,33,108,103,106,109,13,123,70,129,100" hai2="15,92,26,40,16,53,29,2,28,81,116,17,111" hai3="131,76,25,132,117,69,14,43,91,84,56,98,42"/><V101/><F116/><W114/><G69/><T94/><D125/><U38/><E38/><V63/><F2/><W48/><G117/><T115/><D104/><U86/><E129/><V68/><F40/><W10/><G132/><T87/><D115/><U73/><E73/><V130/><F130/><W51/><G51/><T58/><D32/><U112/><E112/><V135/><F135/><W35/><G35/><T78/><D0/><U3/><E3/><V57/><F68/><W5/><G114/><T97/><D7/><U75/><E75/><V120/><F120/><W133/><G131/><T124/><D124/><U95/><E100/><V118/><F118/><W31/><G76/><T46/><D46/><U52/><E67/><V107/><F107/><W74/><G98/><T34/><D34/><U47/><E70/><V39/><F39/><W110/><G110/><T85/><D78/><U21/><E106/><V134/><F111/><W27/><G74/><T126/><D93/><U79/><E33/><V65/><F65/><W80/><G133/><T121/><D121/><U60/><E79/><V45/><F81/><W89/><G91/><N who="0" m="55519" /><D126/><U90/><E103/><V102/><F101/><W61/><G5/><T54/><D54/><U113/><E113/><V20/><F45/><W77/><G77/><T23/><D22/><U19/><E123/><V127/><F134/><W11/><G80/><T128/><D128/><U119/><E119/><V88/><F102/><W49/><G10/><T36/><D36/><U1/><E1/><V44/><F127/><W105/><G105/><T37/><D37/><RYUUKYOKU ba="0,0" sc="83,30,242,-10,434,-10,241,-10" hai0="12,18,23,58,59,62,64,66,85,87" /><INIT seed="7,1,0,5,5,86" ten="113,232,424,231" oya="3" hai0="134,96,130,14,102,0,32,17,100,46,31,25,12" hai1="47,104,52,121,41,74,99,33,23,8,76,67,6" hai2="106,119,70,120,11,24,78,113,49,82,93,53,89" hai3="35,90,84,15,44,22,116,18,19,1,45,68,85"/><W108/><G116/><T126/><D126/><U69/><E23/><V111/><F111/><W48/><G68/><T55/><D134/><U79/><E52/><V10/><F106/><W110/><G1/><T118/><D130/><U64/><E33/><V71/><F119/><W88/><G35/><T63/><D118/><U124/><E124/><V39/><F39/><W97/><G97/><T37/><D37/><N who="1" m="21935" /><E79/><V2/><F113/><W28/><G28/><T107/><D102/><N who="1" m="62559" /><E121/><V43/><F53/><W51/><G22/><T40/><D0/><N who="1" m="71" /><E69/><V16/><F71/><W59/><G15/><T34/><D34/><U133/><E133/><V62/><F62/><W29/><G29/><T3/><D3/><U135/><E135/><V5/><F82/><AGARI ba="1,0" hai="64,67,74,76,82" m="71,62559,21935" machi="82" ten="30,1000,0" yaku="25,1" doraHai="86" who="1" fromWho="2" sc="113,0,232,13,424,-13,231,0" owari="113,-38.7,245,4.5,411,51.1,231,-16.9" /></mjloggm>