<mjloggm ver="2.3"><GO type="169" lobby="0"/><UN n0="%61%79%61%70%69%6E" n1="%E3%83%88%E3%83%B3%E3%83%8D%E3%83%AB%E5%A4%A9%E5%9B%BD" n2="%E3%80%93%E6%96%B0%E5%AD%90%E6%86%A7%E3%80%93" n3="%4E%65%6D%6F" dan="16,18,16,16" rate="2202.42,2210.86,2115.68,2138.70" sx="M,M,F,M"/><TAIKYOKU oya="0"/><INIT seed="0,0,0,3,2,122" ten="250,250,250,250" oya="0" hai0="88,118,47,32,72,50,61,68,59,125,6,22,29" hai1="92,33,11,12,131,105,15,113,119,16,124,8,9" hai2="14,30,85,126,44,121,55,4,7,1,27,135,69" hai3="73,74,48,42,39,41,66,108,52,109,70,128,117"/><T57/><D118/><U23/><E105/><V26/><F121/><W107/><G107/><T34/><D125/><U94/><E119/><V38/><F126/><W36/><G117/><T31/><D72/><U17/><E124/><V67/><F1/><W62/><G74/><T87/><D68/><U86/><E131/><V65/><F135/><W101/><G101/><T116/><D116/><U43/><E33/><V19/><F69/><W93/><G93/><N who="0" m="54431" /><D32/><U37/><E113/><V127/><F127/><W78/><G78/><T102/><D34/><U49/><E37/><N who="3" m="14410" /><G73/><T63/><D102/><U40/><E86/><V60/><F85/><W21/><G21/><T45/><D6/><U100/><E49/><N who="2" m="29095" /><F38/><W18/><G18/><N who="1" m="7274" /><E100/><V83/><F4/><W132/><G132/><T5/><D5/><U82/><E82/><V35/><F83/><W129/><G129/><T75/><D75/><U103/><E103/><V104/><F7/><W134/><G134/><T90/><D90/><U51/><E23/><V24/><F104/><W99/><G99/><T115/><D115/><U77/><E77/><V20/><F35/><W79/><G79/><T10/><D10/><U114/><E114/><V133/><F133/><W130/><G130/><T110/><D22/><U13/><E51/><V95/><F95/><AGARI ba="0,0" hai="8,9,11,12,13,15,40,43,92,94,95" m="7274" machi="95" ten="40,8000,1" yaku="28,2,8,1,54,1" doraHai="122" who="1" fromWho="2" sc="250,0,250,80,250,-80,250,0" /><INIT seed="1,0,0,1,1,79" ten="250,330,170,250" oya="1" hai0="26,27,36,120,11,58,101,43,71,86,118,62,90" hai1="105,12,40,99,85,5,83,51,24,117,106,49,30" hai2="133,20,61,91,28,95,7,119,121,104,60,84,29" hai3="128,75,92,96,100,38,88,53,108,25,1,111,3"/><U17/><E117/><V81/><F121/><W125/><G125/><T63/><D118/><U135/><E5/><V46/><F119/><W21/><G128/><T74/><D120/><U113/><E135/><V73/><F133/><W127/><G127/><T2/><D74/><U110/><E113/><V19/><F104/><W9/><G38/><T52/><D101/><U130/><E130/><V132/><F132/><W66/><G75/><T47/><D2/><U54/><E40/><V57/><F7/><W0/><G66/><T55/><D11/><U98/><E105/><V89/><F46/><W107/><G53/><T8/><D8/><U64/><E64/><V112/><F112/><W80/><G9/><T39/><D39/><U126/><E110/><N who="3" m="42026" /><G80/><T114/><D114/><U4/><E4/><V16/><F73/><W102/><G107/><T93/><REACH who="0" step="1"/><D55/><REACH who="0" ten="240,330,170,250" step="2"/><U56/><E126/><V97/><F19/><AGARI ba="0,1" hai="0,1,3,19,21,25,88,92,96,100,102" m="42026" machi="19" ten="40,2600,0" yaku="14,1,54,1" doraHai="79" who="3" fromWho="2" sc="240,0,330,0,170,-26,250,36" /><INIT seed="2,0,0,2,3,67" ten="240,330,144,286" oya="2" hai0="51,133,116,46,6,22,64,36,62,83,19,17,82" hai1="94,11,61,93,79,40,106,4,77,68,24,92,87" hai2="75,31,28,3,39,38,88,1,120,43,84,52,44" hai3="7,99,117,128,60,104,80,23,125,124,135,95,100"/><V78/><F120/><W101/><G7/><T98/><D36/><U73/><E106/><V12/><F39/><W113/><G117/><T105/><D116/><U26/><E73/><V71/><F71/><W130/><G23/><T16/><D133/><U58/><E40/><V118/><F118/><W85/><G60/><T114/><D114/><U30/><E68/><V15/><F75/><W21/><G21/><T42/><D6/><U129/><E129/><N who="3" m="49770" /><G113/><T109/><D109/><U103/><E103/><V63/><F78/><N who="3" m="46231" /><G135/><T96/><D22/><U47/><E47/><V72/><F72/><W57/><G57/><N who="0" m="36943" /><D105/><U112/><E87/><V10/><F1/><W134/><G134/><T89/><D98/><AGARI ba="0,0" hai="95,98,99,100,101,104,124,125" m="46231,49770" machi="98" ten="30,3900,0" yaku="19,1,34,2" doraHai="67" who="3" fromWho="0" sc="240,-39,330,0,144,0,286,39" /><INIT seed="3,0,0,2,3,55" ten="201,330,144,325" oya="3" hai0="114,44,133,111,74,10,49,79,117,104,0,48,1" hai1="59,26,15,61,109,19,27,123,64,38,58,65,41" hai2="30,102,101,116,94,124,51,131,127,90,130,132,95" hai3="40,9,21,85,112,39,81,32,67,4,22,16,37"/><W77/><G112/><T106/><D10/><U17/><E123/><V99/><F30/><W47/><G32/><T45/><D79/><U76/><E109/><V12/><F12/><W14/><G67/><T7/><D74/><U31/><E76/><V125/><F51/><W53/><G53/><T33/><D133/><U110/><E110/><V5/><F5/><W75/><G39/><T107/><D7/><U98/><E41/><V115/><F115/><W50/><G37/><T84/><D33/><U121/><E121/><V87/><F116/><W73/><REACH who="3" step="1"/><G22/><REACH who="3" ten="201,330,144,315" step="2"/><T60/><D114/><U52/><E38/><V89/><REACH who="2" step="1"/><F132/><REACH who="2" ten="201,330,134,315" step="2"/><W82/><G82/><T62/><D117/><U23/><E65/><V46/><F46/><W43/><G43/><T68/><D111/><U83/><E83/><V3/><F3/><AGARI ba="0,2" hai="3,4,9,14,16,21,40,47,50,73,75,77,81,85" machi="3" ten="30,5800,0" yaku="1,1,7,1,54,1,53,0" doraHai="55" doraHaiUra="113" who="3" fromWho="2" sc="201,0,330,0,134,-58,315,78" /><INIT seed="3,1,0,5,0,46" ten="201,330,76,393" oya="3" hai0="9,1,119,17,99,47,60,72,105,79,55,48,103" hai1="77,75,58,131,91,92,78,7,101,37,102,69,33" hai2="44,39,43,74,13,26,114,129,15,5,23,85,135" hai3="97,12,64,90,66,88,111,34,21,14,117,10,121"/><W6/><G117/><T83/><D119/><U67/><E69/><V0/><F114/><W128/><G121/><T18/><REACH who="0" step="1"/><D60/><REACH who="0" ten="191,330,76,393" step="2"/><N who="1" m="38295" /><E131/><V73/><F129/><W133/><G128/><T107/><D107/><U40/><E33/><V25/><F135/><W41/><G34/><T28/><D28/><U53/><E37/><V81/><F39/><W125/><G133/><T4/><AGARI ba="1,1" hai="1,4,9,17,18,47,48,55,72,79,83,99,103,105" machi="4" ten="30,4000,0" yaku="1,1,0,1,52,1,53,0" doraHai="46" doraHaiUra="132" who="0" fromWho="0" sc="191,53,330,-11,76,-11,393,-21" /><INIT seed="4,0,0,4,2,105" ten="244,319,65,372" oya="0" hai0="36,58,123,72,76,68,43,21,64,7,46,120,20" hai1="42,78,66,109,24,103,106,133,34,53,45,87,73" hai2="69,23,112,83,100,19,99,96,71,5,90,81,119" hai3="116,108,95,113,56,104,4,13,130,61,15,60,40"/><T11/><D58/><U2/><E53/><V134/><F112/><W57/><G108/><T26/><D21/><U65/><E87/><V128/><F128/><W84/><G104/><T50/><D50/><U62/><E109/><V117/><F134/><W102/><G116/><N who="2" m="44617" /><F5/><W114/><G130/><T59/><D59/><U30/><E133/><V111/><F111/><W48/><G40/><T94/><D94/><U32/><E2/><V29/><F29/><W132/><G132/><T41/><D41/><U37/><E65/><V12/><F96/><W44/><G44/><T51/><D51/><U91/><E91/><V47/><F47/><W121/><G121/><T93/><D93/><U16/><E16/><V107/><F90/><W25/><G25/><T79/><D79/><U82/><E103/><V115/><F115/><N who="3" m="44043" /><G48/><T127/><D127/><U18/><E18/><V67/><F67/><N who="3" m="39303" /><G4/><T88/><D88/><U52/><E52/><V77/><F83/><W98/><G84/><AGARI ba="0,0" hai="12,19,23,69,71,77,81,84,99,100,107" m="44617" machi="84" ten="30,1000,0" yaku="12,1" doraHai="105" who="2" fromWho="3" sc="244,0,319,0,65,10,372,-10" /><INIT seed="5,0,0,1,3,14" ten="244,319,75,362" oya="1" hai0="133,101,99,8,43,74,113,129,49,72,118,29,96" hai1="11,18,39,26,90,24,105,58,62,65,59,3,108" hai2="0,50,81,69,104,52,73,120,63,7,125,76,83" hai3="64,98,55,33,92,70,121,86,126,132,40,107,56"/><U84/><E105/><V66/><F120/><W27/><G121/><T44/><D118/><U112/><E39/><V48/><F125/><W20/><G126/><T87/><D133/><U13/><E112/><V25/><F104/><W36/><G132/><T102/><D129/><U16/><E108/><V34/><F50/><W131/><G33/><T35/><D113/><U54/><E3/><V109/><F109/><W17/><G86/><T22/><D35/><U57/><E18/><V115/><F115/><W116/><G116/><T4/><D22/><U37/><E37/><V100/><F100/><W68/><G107/><T106/><D29/><U122/><E122/><V94/><F94/><W46/><G64/><T9/><D87/><U5/><E5/><V134/><F83/><W82/><G82/><T114/><D9/><U77/><E77/><V32/><F134/><W15/><G15/><T89/><D89/><U103/><E103/><V78/><F78/><W42/><G42/><T135/><D135/><U61/><E58/><V38/><F38/><W110/><G131/><T51/><D51/><U75/><E75/><V67/><F67/><W119/><G119/><T123/><D123/><U21/><E11/><V45/><REACH who="2" step="1"/><F25/><REACH who="2" ten="244,319,65,362" step="2"/><W127/><G127/><T12/><D114/><U47/><E47/><V41/><F41/><W31/><G110/><T30/><D102/><U128/><E128/><V130/><F130/><W85/><G40/><T53/><D43/><U91/><E91/><V23/><F23/><W80/><G20/><T6/><D106/><U1/><E1/><V111/><F111/><RYUUKYOKU ba="0,1" sc="244,-15,319,15,65,15,362,-15" hai1="13,16,21,24,26,54,57,59,61,62,65,84,90" hai2="0,7,32,34,45,48,52,63,66,69,73,76,81" /><INIT seed="5,1,1,0,0,84" ten="229,334,80,347" oya="1" hai0="28,126,131,16,64,91,87,127,36,50,80,125,72" hai1="63,9,103,79,58,114,66,49,102,99,40,52,42" hai2="7,113,33,73,21,107,8,128,55,22,109,20,60" hai3="54,44,34,70,35,31,78,97,133,111,17,76,82"/><U53/><E114/><V117/><F109/><W3/><G111/><T65/><D36/><U122/><E122/><V121/><F117/><W4/><G70/><T47/><D28/><U6/><E79/><V13/><F121/><W12/><G133/><T68/><D68/><U5/><E66/><V104/><F33/><W30/><G35/><T32/><D32/><U86/><E86/><V75/><F128/><W77/><G34/><T10/><D72/><U130/><E130/><V100/><F113/><W19/><G3/><T89/><D131/><U27/><E27/><V25/><F25/><W69/><G69/><T118/><D89/><U67/><E67/><V14/><F14/><W108/><G108/><T92/><D92/><N who="1" m="58727" /><E103/><V93/><F93/><W98/><G82/><T41/><D118/><U105/><E105/><V110/><F110/><W46/><G97/><T37/><D37/><U95/><E95/><V85/><F85/><W124/><G98/><T132/><D132/><U26/><E26/><V51/><F75/><W38/><G38/><T116/><D116/><U56/><E9/><V11/><F73/><W1/><G1/><T134/><D134/><U24/><E24/><V81/><F8/><W123/><G123/><T59/><D59/><U88/><E88/><V96/><F107/><W106/><G106/><T0/><REACH who="0" step="1"/><D16/><REACH who="0" ten="219,334,80,347" step="2"/><U119/><E119/><V129/><F129/><W15/><G77/><T62/><D62/><U94/><E94/><V48/><REACH who="2" step="1"/><F81/><REACH who="2" ten="219,334,70,347" step="2"/><W115/><G115/><T57/><D57/><AGARI ba="1,3" hai="7,11,13,20,21,22,48,51,55,57,60,96,100,104" machi="57" ten="40,2600,0" yaku="1,1,2,1,53,0" doraHai="84" doraHaiUra="90" who="2" fromWho="0" sc="219,-29,334,0,70,59,347,0" /><INIT seed="6,0,0,5,0,107" ten="190,334,129,347" oya="2" hai0="122,84,94,55,41,28,72,91,32,95,128,85,126" hai1="51,83,111,75,43,98,19,0,120,79,66,68,129" hai2="33,15,133,104,37,100,44,101,124,36,96,113,61" hai3="18,35,29,2,8,60,59,30,1,39,116,31,13"/><V70/><F113/><W50/><G39/><T6/><D122/><U58/><E111/><V17/><F124/><W92/><G116/><T134/><D126/><U25/><E0/><V105/><F133/><W90/><G50/><T52/><D134/><U88/><E68/><V109/><F109/><W76/><G76/><T14/><D41/><U63/><E129/><V9/><F44/><W93/><G35/><T87/><D128/><U48/><E43/><V80/><F33/><W117/><G117/><T110/><D72/><U4/><E4/><V99/><REACH who="2" step="1"/><F80/><REACH who="2" ten="190,334,119,347" step="2"/><W23/><G1/><T97/><D110/><U62/><E83/><V56/><F56/><W10/><G2/><T82/><D82/><U115/><E58/><V135/><F135/><W114/><G59/><T22/><D32/><U34/><E115/><V57/><F57/><W40/><G114/><T118/><D118/><U53/><E34/><V130/><F130/><W102/><G60/><T7/><D55/><U127/><E53/><V27/><F27/><W65/><G40/><T69/><D52/><U64/><E25/><V12/><F12/><W81/><G13/><T89/><D69/><U21/><E62/><V132/><F132/><W131/><G81/><T71/><D71/><U86/><E63/><V106/><F106/><W5/><G131/><T24/><D14/><U3/><E127/><V121/><F121/><W11/><G93/><T20/><D20/><U54/><E21/><V74/><F74/><W78/><G92/><T45/><D45/><U112/><E112/><V49/><F49/><W108/><G23/><RYUUKYOKU ba="0,1" sc="190,15,334,-15,119,15,347,-15" hai0="6,7,22,24,28,84,85,87,89,91,94,95,97" hai2="9,15,17,36,37,61,70,96,99,100,101,104,105" /><INIT seed="6,1,1,3,3,97" ten="205,319,134,332" oya="2" hai0="43,6,135,50,58,51,39,49,70,100,27,66,69" hai1="111,104,82,23,3,29,68,53,48,13,98,22,73" hai2="60,91,134,40,59,77,62,2,109,64,87,56,93" hai3="90,9,127,120,32,110,114,123,117,122,7,128,21"/><V30/><F134/><W96/><G90/><T130/><D6/><U55/><E3/><V115/><F115/><W86/><G86/><T44/><D27/><U65/><E111/><V54/><F109/><W74/><G74/><T38/><D100/><U67/><E73/><V31/><F2/><N who="3" m="247" /><G96/><T83/><D83/><U105/><E29/><V79/><REACH who="2" step="1"/><F40/><REACH who="2" ten="205,319,124,332" step="2"/><W4/><G110/><T72/><D135/><U133/><E133/><V19/><F19/><W11/><G114/><T121/><D121/><U28/><E28/><AGARI ba="1,2" hai="28,30,31,54,56,59,60,62,64,77,79,87,91,93" machi="28" ten="40,12000,1" yaku="1,1,8,1,53,3" doraHai="97" doraHaiUra="26" who="2" fromWho="1" sc="205,0,319,-123,124,143,332,0" /><INIT seed="6,2,0,3,4,96" ten="205,196,267,332" oya="2" hai0="61,47,126,120,51,94,2,59,91,125,22,132,32" hai1="109,89,122,81,25,76,73,118,134,65,35,66,52" hai2="124,127,53,95,1,0,29,17,30,88,130,8,9" hai3="68,107,75,48,111,69,92,40,7,93,112,43,42"/><V104/><F104/><W34/><G111/><T14/><D32/><U105/><E109/><V102/><F53/><W11/><G107/><T10/><D2/><N who="2" m="1130" /><F102/><W135/><G75/><T37/><D22/><U41/><E134/><V12/><F130/><W55/><G34/><T71/><D37/><U114/><E114/><V60/><F60/><W15/><G135/><T119/><D71/><U31/><E118/><V54/><F54/><W113/><G69/><T133/><D120/><U38/><E122/><V108/><F108/><W24/><G24/><T67/><D119/><U18/><E105/><V6/><F88/><W103/><G68/><T5/><D133/><U99/><E18/><V23/><F95/><W50/><G50/><T58/><D58/><U74/><E74/><V36/><F36/><W129/><G129/><T115/><D115/><N who="3" m="44105" /><G103/><T21/><D21/><U62/><E41/><V63/><F63/><W90/><G90/><T106/><D106/><U56/><REACH who="1" step="1"/><E38/><REACH who="1" ten="205,186,267,332" step="2"/><V123/><F123/><W97/><G97/><T27/><D132/><U77/><E77/><V26/><F9/><W82/><G43/><T110/><D110/><U101/><E101/><V4/><F4/><W20/><G42/><T72/><D72/><U78/><E78/><V117/><F117/><W121/><G40/><T57/><D5/><U70/><E70/><V87/><F6/><W79/><G121/><T49/><D91/><U46/><E46/><V83/><F30/><W131/><G11/><T16/><D47/><U80/><E80/><V13/><F29/><W116/><G116/><T45/><D45/><RYUUKYOKU ba="2,1" sc="205,-10,186,30,267,-10,332,-10" hai1="25,31,35,52,56,62,65,66,73,76,81,89,99" /><INIT seed="7,3,1,3,2,97" ten="195,216,257,322" oya="3" hai0="56,103,112,38,48,59,80,40,49,88,21,129,116" hai1="46,96,19,70,58,60,93,111,28,134,41,47,78" hai2="91,102,20,133,43,36,95,32,105,9,12,63,118" hai3="67,114,1,11,45,86,75,85,124,126,110,27,100"/><W73/><G114/><T17/><D116/><U53/><E70/><V119/><F32/><W68/><G100/><T50/><D112/><U54/><E111/><V79/><F133/><W64/><G45/><N who="1" m="16906" /><E134/><V135/><F135/><W22/><G11/><T115/><D115/><U66/><E41/><V81/><F43/><W99/><G99/><T107/><D129/><U16/><E28/><V3/><F36/><W8/><G8/><T92/><D38/><U34/><E34/><V121/><F121/><W120/><G1/><T24/><D40/><U130/><E78/><V35/><F35/><W55/><G55/><N who="1" m="21002" /><E130/><V31/><F3/><W33/><G33/><T94/><D107/><U125/><E125/><N who="3" m="48234" /><G110/><T51/><N who="0" m="12288" /><DORA hai="30" /><T23/><D23/><U128/><E128/><V87/><F20/><W42/><G42/><T82/><D103/><AGARI ba="3,1" hai="16,19,58,60,66,93,96,103" m="21002,16906" machi="103" ten="30,3900,0" yaku="8,1,52,1,54,1" doraHai="97,30" who="1" fromWho="0" sc="195,-48,216,58,257,0,322,0" owari="147,-35.3,274,7.4,257,-14.3,322,42.2" /></mjloggm>