<mjloggm ver="2.3"><GO type="169" lobby="0"/><UN n0="%E6%88%91%E6%85%A2%E3%81%A1%E3%82%83%E3%82%93%E3%80%82" n1="%70%6F%6B%6B%6F" n2="%6F%75%74%E7%A5%AD%E3%82%8A" n3="%4E%49%4A%49%49%52%4F" dan="16,16,16,17" rate="2106.34,2080.80,2078.53,2175.24" sx="M,M,M,M"/><TAIKYOKU oya="0"/><INIT seed="0,0,0,3,0,123" ten="250,250,250,250" oya="0" hai0="80,10,29,122,96,3,98,111,0,23,133,34,91" hai1="36,73,87,56,113,54,11,121,132,12,114,42,53" hai2="48,13,85,33,63,19,93,43,67,51,44,82,26" hai3="59,71,103,8,78,83,35,109,115,49,57,60,74"/><T86/><D122/><U108/><E121/><V38/><F93/><W65/><G115/><N who="1" m="44042" /><E73/><V101/><F101/><W105/><G8/><T116/><D34/><U112/><N who="1" m="44050" /><U18/><DORA hai="45" /><E132/><V52/><F26/><W46/><G35/><T92/><D116/><U28/><E28/><V124/><F33/><W127/><G127/><T27/><D133/><U99/><E99/><V89/><F124/><W25/><G25/><T107/><D111/><U81/><E108/><V117/><F117/><W110/><G59/><T55/><D10/><U21/><E42/><V131/><F131/><W130/><G130/><T126/><D126/><U118/><E36/><V50/><F38/><W39/><G103/><T66/><D66/><U37/><E37/><V84/><F84/><W30/><G105/><T2/><D107/><U97/><E97/><V20/><F43/><N who="3" m="22911" /><G30/><T79/><REACH who="0" step="1"/><D55/><AGARI ba="0,0" hai="49,55,57,60,65,71,74,78,83,109,110" m="22911" machi="55" ten="30,7700,0" yaku="24,1,52,3" doraHai="123,45" who="3" fromWho="0" sc="250,-77,250,0,250,0,250,77" /><INIT seed="1,0,0,2,3,119" ten="173,250,250,327" oya="1" hai0="102,107,28,133,111,21,25,99,124,113,132,59,69" hai1="115,127,63,15,85,78,123,110,81,89,74,131,3" hai2="33,57,134,49,126,10,75,122,129,0,61,93,101" hai3="22,83,41,98,47,50,37,114,71,12,56,88,42"/><U17/><E115/><V82/><F33/><W96/><G114/><T43/><D69/><U68/><E3/><V53/><F129/><W109/><G109/><T46/><D113/><U7/><E131/><V14/><F0/><W128/><G71/><T100/><D111/><U30/><E127/><V20/><F20/><W19/><G128/><T2/><D124/><U108/><E30/><V16/><F134/><W95/><G83/><T32/><D102/><U117/><E117/><V106/><F106/><W38/><G42/><T79/><D2/><U105/><E7/><V4/><F126/><W13/><G13/><T116/><D116/><U121/><E105/><V5/><F122/><W34/><G34/><T84/><D59/><U118/><E118/><V77/><F101/><W27/><G96/><T65/><D65/><U9/><E108/><V48/><F93/><W125/><G125/><T86/><D21/><U76/><E110/><V6/><AGARI ba="0,0" hai="4,5,6,10,14,16,48,49,53,57,61,75,77,82" machi="6" ten="30,2000,0" yaku="0,1,54,1" doraHai="119" who="2" fromWho="2" sc="173,-5,250,-10,250,20,327,-5" /><INIT seed="2,0,0,4,0,17" ten="168,240,270,322" oya="2" hai0="73,33,117,5,75,28,11,129,113,78,19,39,102" hai1="65,80,124,70,122,105,66,108,118,48,110,61,127" hai2="13,87,55,93,114,44,116,26,35,120,3,46,27" hai3="95,24,40,30,81,63,42,134,132,2,9,91,52"/><V21/><F3/><W90/><G81/><T69/><D19/><U94/><E105/><V77/><F114/><W23/><G2/><T89/><D89/><U130/><E118/><V109/><F116/><W7/><G7/><T83/><D73/><U14/><E80/><V58/><F120/><W67/><G91/><T54/><D54/><U121/><E94/><V43/><F109/><N who="1" m="42089" /><E14/><V100/><F35/><W119/><G9/><T106/><D129/><U82/><E82/><N who="2" m="47567" /><F13/><W131/><G131/><T79/><D79/><U41/><E130/><V38/><F27/><W112/><G112/><T71/><D117/><U125/><E66/><V4/><F4/><W22/><G119/><T103/><D39/><U10/><E10/><V107/><F38/><W32/><G42/><T76/><D76/><U133/><E133/><N who="3" m="51306" /><G40/><T1/><D103/><U74/><E74/><V62/><F43/><W59/><G67/><T12/><D12/><U36/><E36/><V31/><F107/><W126/><G126/><T34/><D113/><U86/><E86/><AGARI ba="0,0" hai="22,23,24,30,32,52,59,63,86,90,95" m="51306" machi="86" ten="30,7700,0" yaku="20,1,52,2,54,1" doraHai="17" who="3" fromWho="1" sc="168,0,240,-77,270,0,322,77" /><INIT seed="3,0,0,2,0,118" ten="168,163,270,399" oya="3" hai0="53,80,6,11,111,2,92,115,82,45,35,73,74" hai1="101,129,57,0,31,96,109,54,28,113,106,65,88" hai2="7,77,85,44,27,41,91,78,15,133,97,108,69" hai3="84,59,64,76,89,67,105,3,124,94,14,72,103"/><W83/><G3/><T50/><D111/><U121/><E113/><V87/><F108/><W116/><G116/><T130/><D35/><U25/><E129/><V132/><F69/><W26/><G124/><T36/><D130/><U86/><E109/><V22/><F97/><N who="3" m="61679" /><G59/><T12/><D115/><U18/><E0/><V30/><F7/><W131/><G131/><T135/><D135/><N who="2" m="51786" /><F15/><W123/><G123/><T68/><D68/><U114/><E114/><V95/><F85/><W16/><G26/><T61/><D36/><AGARI ba="0,0" hai="22,27,30,36,41,44,77,78,87,91,95" m="51786" machi="36" ten="30,1000,0" yaku="20,1" doraHai="118" who="2" fromWho="0" sc="168,-10,163,0,270,10,399,0" /><INIT seed="4,0,0,0,1,72" ten="158,163,280,399" oya="0" hai0="32,46,74,109,126,65,54,1,128,114,56,87,29" hai1="3,130,40,95,24,36,52,30,45,83,61,91,84" hai2="59,121,5,86,2,7,76,124,118,104,49,107,33" hai3="26,123,105,108,75,73,47,90,133,100,131,38,0"/><T85/><D74/><U70/><E130/><V78/><F121/><W25/><G90/><T9/><D114/><U43/><E3/><V15/><F33/><W31/><G47/><T134/><D126/><U6/><E6/><V58/><F2/><W34/><G31/><T12/><D1/><U93/><E43/><V135/><F124/><W39/><G100/><T53/><D65/><U127/><E127/><V13/><F86/><W22/><G22/><T122/><D122/><U80/><E95/><V67/><F67/><W111/><G0/><T119/><D119/><U129/><E129/><V28/><F49/><W69/><G123/><T64/><D64/><U11/><E11/><V42/><F28/><W4/><G4/><T71/><D71/><U101/><E70/><V112/><F112/><W60/><G69/><T63/><D128/><U120/><E101/><V14/><F42/><W77/><G105/><N who="2" m="40521" /><F135/><W81/><G133/><T102/><D102/><U79/><E79/><N who="2" m="30251" /><F118/><W19/><G34/><T89/><D29/><U66/><E120/><V37/><F37/><W82/><G38/><T23/><D32/><U106/><E66/><V51/><F51/><W16/><G39/><T125/><D87/><U18/><E18/><V92/><F92/><W132/><G132/><T35/><D125/><U98/><E106/><V113/><F113/><W62/><G131/><T116/><D134/><U88/><E61/><V117/><F117/><W17/><G17/><T48/><D116/><U27/><E30/><V44/><F44/><W20/><G19/><T68/><D46/><N who="1" m="23815" /><E83/><V97/><F97/><RYUUKYOKU ba="0,0" sc="158,-15,163,15,280,15,399,-15" hai1="24,27,45,52,80,84,88,91,93,98" hai2="5,7,13,14,15,58,59" /><INIT seed="5,1,0,2,5,47" ten="143,178,295,384" oya="1" hai0="83,53,91,89,96,41,74,88,77,56,4,68,12" hai1="84,125,118,87,25,61,40,116,119,15,55,38,0" hai2="39,17,100,20,80,131,3,75,73,35,60,2,13" hai3="49,98,45,92,114,11,86,132,109,117,97,18,112"/><U103/><E0/><V105/><F35/><W134/><G109/><T62/><D68/><U5/><E103/><V58/><F39/><W64/><G117/><T111/><D111/><U123/><E123/><V126/><F131/><W135/><G64/><T8/><REACH who="0" step="1"/><D41/><REACH who="0" ten="133,178,295,384" step="2"/><U79/><E40/><V30/><F126/><W51/><G134/><T76/><D76/><U1/><E125/><V120/><F120/><W52/><G135/><T127/><D127/><U16/><E79/><V63/><F75/><W36/><G132/><T90/><D90/><U110/><E110/><V130/><F73/><W129/><G129/><T57/><D57/><U26/><E116/><V42/><F58/><W43/><G43/><T108/><D108/><U121/><E118/><V104/><F42/><W50/><G36/><T93/><AGARI ba="1,1" hai="4,8,12,53,56,62,74,77,83,88,89,91,93,96" machi="93" ten="30,4000,0" yaku="1,1,0,1,54,1,53,0" doraHai="47" doraHaiUra="34" who="0" fromWho="0" sc="133,53,178,-21,295,-11,384,-11" /><INIT seed="6,0,0,5,3,108" ten="186,157,284,373" oya="2" hai0="105,18,47,44,26,73,92,90,95,80,68,101,113" hai1="50,30,16,87,33,129,103,29,31,17,5,123,32" hai2="23,71,122,53,126,3,117,121,118,58,134,21,9" hai3="107,76,88,49,20,4,78,39,100,64,114,36,2"/><V0/><F71/><W28/><G64/><T93/><D68/><U135/><E103/><V115/><F58/><W57/><G107/><T43/><D105/><U120/><E87/><V12/><F53/><W106/><G106/><T132/><D132/><U6/><E50/><V110/><F134/><W130/><G100/><T60/><D60/><U19/><E129/><V85/><F85/><W56/><G4/><N who="1" m="1642" /><E135/><V70/><F70/><W74/><G74/><T79/><D101/><U116/><E116/><V8/><F12/><W52/><G130/><T124/><D124/><U63/><E63/><V35/><F35/><AGARI ba="0,0" hai="16,17,19,29,30,31,32,33,35,120,123" m="1642" machi="35" ten="40,8000,1" yaku="28,2,34,2,54,1" doraHai="108" who="1" fromWho="2" sc="186,0,157,80,284,-80,373,0" /><INIT seed="7,0,0,2,1,15" ten="186,237,204,373" oya="3" hai0="53,4,44,83,62,90,74,95,42,97,89,7,11" hai1="65,67,50,71,59,0,77,6,24,18,14,39,23" hai2="30,9,41,127,120,27,35,72,85,100,132,122,111" hai3="61,54,48,40,47,134,107,113,55,33,13,82,45"/><W128/><G107/><T115/><D115/><U112/><E39/><V123/><F111/><W110/><G33/><T38/><D7/><U19/><E112/><V26/><F72/><W73/><G13/><T96/><D62/><U84/><E71/><V79/><F132/><W118/><G54/><T8/><D53/><N who="1" m="32183" /><E6/><V129/><F129/><W46/><G46/><T91/><D97/><U32/><E0/><V109/><F109/><W78/><G45/><T66/><D66/><N who="1" m="25099" /><E32/><V92/><F41/><W25/><G40/><T108/><D108/><U10/><E84/><V76/><F127/><W1/><G1/><N who="0" m="15" /><D11/><U116/><E116/><V22/><F9/><W133/><G118/><T80/><D80/><U51/><E51/><V93/><F85/><W131/><G48/><T98/><D95/><N who="2" m="36426" /><F100/><W56/><G82/><T114/><D114/><U121/><E121/><V68/><F68/><W60/><G110/><T75/><D75/><U102/><E102/><V58/><F58/><W70/><G56/><T99/><D99/><U31/><E31/><AGARI ba="0,0" hai="22,26,27,30,31,35,76,79,120,122,123" m="36426" machi="31" ten="40,1300,0" yaku="13,1" doraHai="15" who="2" fromWho="1" sc="186,0,237,-13,204,13,373,0" owari="186,-31.4,224,2.4,217,-18.3,373,47.3" /></mjloggm>