<mjloggm ver="2.3"><GO type="169" lobby="0"/><UN n0="%E6%89%8B%E6%89%93%E3%81%A1%E3%81%8D%E3%81%97%E3%82%81%E3%82%93" n1="%E3%81%BA%E3%82%93%E3%81%8E%E3%82%93%E3%81%95%E3%82%93" n2="%43%4C%53" n3="%E9%AD%94%E8%A1%93%E5%B8%AB%E3%83%A1%E3%83%AA%E3%83%BC" dan="17,16,17,16" rate="2144.13,2065.96,2129.03,2091.21" sx="M,F,M,F"/><TAIKYOKU oya="0"/><INIT seed="0,0,0,5,3,111" ten="250,250,250,250" oya="0" hai0="118,2,32,0,61,91,59,41,31,53,81,104,51" hai1="60,9,103,4,114,1,15,120,52,35,94,109,75" hai2="71,116,3,100,7,125,133,102,54,76,122,98,56" hai3="5,128,113,99,39,132,97,134,47,37,38,77,110"/><T90/><D104/><U121/><E75/><V22/><F122/><W40/><G110/><T49/><D118/><U18/><E109/><V96/><F116/><W69/><G69/><T42/><D31/><U14/><E35/><V131/><F71/><W105/><G128/><T101/><D32/><U124/><E1/><V23/><F131/><W33/><G33/><T83/><D101/><U20/><E124/><V45/><F133/><N who="3" m="51307" /><G105/><T106/><D106/><U129/><E129/><V16/><F76/><W34/><G34/><T88/><D61/><U78/><E78/><V86/><F86/><W67/><G67/><T92/><D92/><U48/><E60/><V28/><F45/><W30/><G30/><T26/><D26/><U66/><E66/><V70/><F70/><W12/><G77/><T130/><D130/><U80/><E80/><V8/><F28/><W55/><G55/><T29/><D29/><U11/><E11/><V44/><F44/><W107/><G113/><T82/><REACH who="0" step="1"/><D51/><REACH who="0" ten="240,250,250,250" step="2"/><U24/><E121/><V36/><F100/><N who="3" m="62863" /><G99/><T115/><D115/><U50/><E120/><V6/><F102/><W73/><G73/><T58/><D58/><U19/><E114/><V85/><F96/><W27/><G27/><T127/><D127/><U123/><E123/><V126/><F98/><W108/><G108/><T95/><D95/><U72/><E72/><V17/><F125/><W13/><G39/><T79/><D79/><U84/><E103/><V135/><F36/><W74/><G38/><T21/><D21/><U119/><E94/><V57/><F126/><W68/><G74/><RYUUKYOKU ba="0,1" sc="240,30,250,-10,250,-10,250,-10" hai0="0,2,41,42,49,53,59,81,82,83,88,90,91" /><INIT seed="0,1,1,0,3,0" ten="270,240,240,240" oya="0" hai0="52,25,95,51,134,81,61,115,58,39,31,88,17" hai1="40,2,70,30,60,125,93,126,91,27,75,67,117" hai2="53,114,131,129,20,63,89,62,4,23,1,34,72" hai3="108,59,90,106,18,8,15,57,102,12,44,120,84"/><T47/><D115/><U35/><E75/><V76/><F34/><W11/><G108/><T128/><D134/><U96/><E117/><V9/><F114/><W64/><G120/><T49/><D128/><N who="2" m="49226" /><F89/><W37/><G106/><T130/><D130/><U101/><E40/><V33/><F33/><W99/><G64/><T41/><D17/><U45/><E45/><V78/><F72/><W83/><G44/><T124/><D81/><U13/><E2/><V104/><F104/><W74/><G37/><T36/><D124/><U19/><REACH who="1" step="1"/><E101/><REACH who="1" ten="270,230,240,240" step="2"/><V107/><F1/><W21/><G74/><T113/><D113/><U71/><E71/><V6/><F107/><W10/><G102/><T65/><D31/><U50/><E50/><V116/><F116/><W28/><G59/><T118/><D118/><U66/><E66/><V68/><F68/><W110/><G57/><T5/><D39/><U100/><E100/><V132/><F132/><W133/><G133/><T103/><D103/><U42/><E42/><V127/><F127/><W112/><G112/><T98/><D36/><U80/><E80/><V123/><F123/><W22/><G28/><T7/><D25/><U16/><E16/><V105/><F105/><W73/><G18/><T92/><D92/><U135/><E135/><V77/><F62/><W97/><G83/><T54/><D41/><U69/><E69/><AGARI ba="1,2" hai="5,7,47,49,51,52,54,58,61,65,69,88,95,98" machi="69" ten="30,12000,1" yaku="7,1,52,2,54,2" doraHai="0" who="0" fromWho="1" sc="270,143,230,-123,240,0,240,0" /><INIT seed="0,2,0,3,0,131" ten="413,107,240,240" oya="0" hai0="129,3,19,22,25,100,135,38,30,33,17,34,58" hai1="70,89,104,99,106,134,39,1,113,29,108,98,112" hai2="27,107,12,23,31,65,90,37,67,124,11,9,15" hai3="55,118,4,120,116,121,71,40,88,7,36,26,64"/><T44/><D58/><U82/><E70/><V78/><F107/><N who="1" m="41001" /><E39/><V93/><F37/><W56/><G26/><T54/><D100/><U117/><E1/><V28/><F78/><W42/><G7/><T101/><D101/><U32/><E29/><V57/><F31/><W83/><G4/><T73/><D73/><U130/><E32/><V92/><F124/><W21/><G21/><T69/><D69/><U115/><E130/><V132/><F132/><W14/><G14/><N who="2" m="5161" /><F93/><W105/><G105/><T50/><D135/><U45/><E45/><V126/><F126/><W62/><G88/><T110/><D129/><U114/><N who="1" m="28672" /><DORA hai="47" /><U81/><E117/><N who="3" m="45162" /><G83/><N who="1" m="31754" /><E108/><V119/><F119/><W0/><G0/><T84/><D3/><U8/><E8/><N who="2" m="3147" /><F57/><W85/><G36/><T128/><D38/><U2/><E2/><V63/><F63/><W75/><G71/><T95/><D128/><U87/><E134/><V46/><F46/><W79/><G62/><T5/><D110/><U52/><E52/><V10/><N who="2" m="3155" /><V13/><N who="2" m="5169" /><DORA hai="49" /><V109/><DORA hai="20" /><F109/><W111/><G55/><T18/><REACH who="0" step="1"/><D5/><REACH who="0" ten="403,107,240,240" step="2"/><U60/><E60/><V94/><F65/><W51/><G64/><T86/><D86/><U66/><E66/><V133/><F133/><W48/><G85/><T77/><D77/><U43/><E43/><N who="3" m="16426" /><G111/><T16/><N who="0" m="4608" /><DORA hai="102" /><T6/><D6/><RYUUKYOKU type="kan4" ba="2,1" sc="403,0,107,0,240,0,240,0" /><INIT seed="0,3,1,0,5,47" ten="403,107,240,240" oya="0" hai0="51,21,98,110,42,113,129,8,6,74,46,82,65" hai1="45,107,15,50,97,35,128,33,18,123,117,23,130" hai2="114,25,4,24,105,59,121,87,41,78,5,1,2" hai3="17,0,63,44,108,9,37,40,61,92,86,34,48"/><T79/><D113/><U67/><E117/><V69/><F69/><W31/><G108/><T118/><D118/><U91/><E123/><V76/><F121/><W94/><G34/><T75/><D110/><U66/><E33/><V19/><F105/><W27/><G37/><T43/><D129/><N who="1" m="49771" /><E35/><V3/><F114/><W60/><G31/><T124/><D124/><U80/><E80/><V32/><F41/><W111/><G111/><T13/><D65/><U116/><E116/><V127/><F127/><W112/><G112/><T88/><D21/><U102/><E91/><V16/><F59/><W58/><G0/><T12/><D43/><AGARI ba="3,1" hai="15,18,23,43,45,50,66,67,97,102,107" m="49771" machi="43" ten="30,2000,0" yaku="19,1,52,1" doraHai="47" who="1" fromWho="0" sc="403,-29,107,39,240,0,240,0" /><INIT seed="1,0,0,4,4,6" ten="374,146,240,240" oya="1" hai0="103,4,133,1,26,100,110,9,19,120,97,32,108" hai1="130,64,101,52,112,59,53,57,104,126,111,95,12" hai2="11,2,24,79,31,49,37,47,107,102,44,72,36" hai3="3,23,123,35,28,25,125,135,54,39,73,69,121"/><U61/><E112/><V60/><F60/><W124/><G69/><T77/><D77/><U129/><E104/><V62/><F62/><W14/><G39/><T117/><D117/><U38/><E38/><V85/><F72/><W89/><G73/><T63/><D133/><U81/><E126/><N who="3" m="48746" /><G89/><T131/><D131/><N who="1" m="50187" /><E81/><V65/><F65/><W109/><G54/><N who="1" m="21098" /><E111/><N who="0" m="42537" /><D120/><N who="3" m="46153" /><G109/><T56/><D97/><N who="1" m="59583" /><E12/><V0/><F0/><W99/><G99/><T78/><D78/><U113/><E113/><V10/><F2/><W42/><G3/><T114/><D114/><U87/><E87/><V27/><F79/><W98/><G98/><T106/><D106/><U70/><AGARI ba="0,0" hai="57,59,61,64,70" m="59583,21098,50187" machi="70" ten="30,3000,0" yaku="19,1,54,1" doraHai="6" who="1" fromWho="1" sc="374,-10,146,30,240,-10,240,-10" /><INIT seed="1,1,0,2,4,8" ten="364,176,230,230" oya="1" hai0="24,51,109,2,19,99,7,115,25,73,37,36,50" hai1="111,102,116,68,135,75,86,38,121,16,42,4,69" hai2="14,77,64,23,11,133,113,22,81,70,43,3,28" hai3="40,90,56,104,20,39,119,1,60,62,93,67,85"/><U114/><E121/><V53/><F133/><W126/><G126/><T29/><D73/><U61/><E116/><V127/><F127/><W87/><G104/><T57/><D115/><U132/><E114/><V117/><F117/><W120/><G120/><T18/><D2/><U66/><E75/><V131/><F131/><W95/><G1/><T26/><D29/><U97/><E69/><V98/><F3/><W41/><G119/><T130/><D99/><U27/><E4/><V123/><F123/><W105/><G105/><T52/><D7/><U112/><E112/><V12/><F43/><W106/><G106/><T44/><D130/><U94/><E86/><N who="2" m="48431" /><F70/><W122/><G39/><T10/><D109/><U34/><E111/><V82/><F64/><W128/><G128/><T58/><D58/><U134/><E42/><V49/><F82/><W124/><G124/><T108/><D108/><U30/><E38/><V5/><F98/><W31/><G62/><T63/><D51/><U9/><REACH who="1" step="1"/><E134/><REACH who="1" ten="364,166,230,230" step="2"/><V84/><F84/><N who="3" m="52423" /><G122/><T110/><D110/><U48/><E48/><V45/><F113/><W13/><G41/><T35/><D37/><U71/><E71/><V107/><F5/><W59/><G40/><T76/><D36/><U33/><E33/><V91/><F49/><W89/><G85/><T17/><D35/><U101/><E101/><V47/><F91/><W21/><G87/><T103/><D103/><U46/><E46/><V79/><F45/><W32/><G89/><T65/><D76/><U74/><E74/><V83/><F47/><W54/><G32/><T55/><D65/><RYUUKYOKU ba="1,1" sc="364,15,166,15,230,-15,230,-15" hai0="10,17,18,19,24,25,26,44,50,52,55,57,63" hai1="9,16,27,30,34,61,66,68,94,97,102,132,135" /><INIT seed="1,2,1,4,2,10" ten="379,181,215,215" oya="1" hai0="12,5,116,0,39,121,118,105,26,108,63,47,131" hai1="127,82,99,133,90,20,34,100,48,112,62,16,74" hai2="24,119,88,8,13,85,76,65,79,23,40,15,68" hai3="106,92,2,101,78,42,46,29,17,32,109,51,135"/><U98/><E112/><V44/><F119/><W81/><G106/><T45/><D105/><U104/><E34/><V53/><F53/><W55/><G2/><T30/><D0/><U72/><E127/><V6/><F68/><W71/><G71/><T77/><D77/><U49/><E133/><V52/><F65/><W3/><G3/><T4/><D108/><U60/><E74/><V19/><F24/><W67/><G67/><T130/><D63/><N who="1" m="24107" /><E72/><V69/><F69/><W73/><G109/><T9/><D5/><U113/><E100/><V56/><F44/><N who="0" m="16970" /><D39/><U97/><E104/><V36/><F40/><W21/><G135/><T70/><D70/><U31/><E31/><V38/><F36/><W64/><G64/><T89/><D89/><U83/><E113/><V66/><F66/><W103/><G29/><T86/><D86/><N who="1" m="50519" /><E83/><N who="2" m="49215" /><F38/><W7/><G32/><N who="0" m="20567" /><D121/><U120/><E120/><V41/><F41/><W84/><G42/><T59/><D118/><U117/><E117/><V132/><F132/><W124/><G124/><T54/><D116/><U110/><E110/><V115/><F115/><W61/><G101/><T37/><D37/><U96/><N who="1" m="24576" /><DORA hai="27" /><U25/><AGARI ba="2,1" hai="16,20,25,48,49" m="24576,50519,24107" machi="25" ten="40,7800,0" yaku="4,1,8,1,54,1" doraHai="10,27" who="1" fromWho="1" sc="379,-28,181,94,215,-28,215,-28" /><INIT seed="1,3,0,3,2,80" ten="351,275,187,187" oya="1" hai0="63,37,102,20,50,89,23,21,118,42,65,109,74" hai1="106,49,28,95,27,86,25,9,31,126,129,120,84" hai2="34,125,64,121,72,2,92,33,0,123,70,61,17" hai3="71,54,7,6,131,16,96,38,18,122,134,119,100"/><U124/><E106/><V81/><F125/><N who="1" m="48233" /><E120/><V10/><F17/><W91/><G122/><N who="2" m="46601" /><F92/><W1/><G71/><T130/><D74/><U19/><E129/><V52/><F52/><W98/><G131/><T83/><D37/><U43/><E95/><V57/><F57/><W117/><G38/><T51/><D109/><U47/><E19/><V99/><F99/><W76/><G76/><T68/><D118/><U58/><E58/><V94/><F94/><W127/><G54/><T24/><D130/><U113/><E113/><V39/><F39/><W56/><G56/><T85/><D102/><U101/><E101/><V40/><F40/><W114/><G100/><T30/><REACH who="0" step="1"/><D42/><REACH who="0" ten="341,275,187,187" step="2"/><U60/><E60/><V78/><F0/><W108/><G1/><T103/><D103/><U69/><E69/><V104/><F104/><W53/><G127/><T11/><D11/><U82/><E9/><V32/><F10/><W90/><G108/><T46/><D46/><U48/><E48/><AGARI ba="3,1" hai="20,21,23,24,30,48,50,51,63,65,68,83,85,89" machi="48" ten="40,2600,0" yaku="1,1,52,1,53,0" doraHai="80" doraHaiUra="105" who="0" fromWho="1" sc="341,45,275,-35,187,0,187,0" /><INIT seed="2,0,0,3,0,109" ten="386,240,187,187" oya="2" hai0="23,103,18,71,66,83,12,114,26,76,99,42,19" hai1="105,100,8,63,48,104,121,0,54,84,7,102,3" hai2="78,118,133,4,95,85,130,70,125,79,55,24,38" hai3="111,69,132,11,128,25,40,30,93,135,106,20,41"/><V32/><F118/><W37/><G106/><T86/><D114/><U52/><E84/><V15/><F38/><W108/><G69/><T115/><D115/><U116/><E116/><V113/><F70/><W67/><G67/><T5/><D5/><U129/><E129/><V1/><F1/><W49/><G37/><T98/><D42/><N who="3" m="16489" /><G128/><T82/><D82/><U97/><E63/><V131/><F113/><W29/><G93/><T47/><D47/><U43/><E43/><V87/><F32/><W72/><G72/><T34/><D34/><U46/><E54/><V51/><F24/><W126/><G126/><T13/><D26/><U61/><E61/><V28/><F133/><N who="3" m="51275" /><G11/><T134/><D134/><U39/><E39/><V112/><F125/><W21/><G49/><T62/><D103/><U6/><E121/><V2/><F112/><W35/><G29/><T53/><D53/><U119/><E119/><V36/><F55/><W107/><G107/><T68/><D68/><U122/><E122/><V64/><F36/><W94/><G94/><T80/><D80/><U14/><E7/><V17/><F4/><W16/><G35/><T58/><REACH who="0" step="1"/><D71/><REACH who="0" ten="376,240,187,187" step="2"/><U56/><E46/><V127/><F130/><W74/><G74/><T45/><D45/><U81/><E81/><V75/><F75/><W89/><G89/><T123/><D123/><U91/><E91/><V33/><F131/><W22/><G30/><T77/><D77/><U44/><E44/><V27/><F28/><W120/><G120/><T117/><D117/><U57/><E57/><V59/><F33/><W10/><G25/><RYUUKYOKU ba="0,1" sc="376,10,240,10,187,-30,187,10" hai0="12,13,18,19,23,58,62,66,76,83,86,98,99" hai1="0,3,6,8,14,48,52,56,97,100,102,104,105" hai3="10,16,20,21,22,108,111" /><INIT seed="3,1,1,1,0,131" ten="386,250,157,197" oya="3" hai0="51,4,37,22,56,99,62,45,89,5,88,39,44" hai1="130,121,134,27,106,23,119,96,31,133,110,67,83" hai2="32,0,87,43,40,35,17,91,78,74,9,82,42" hai3="25,113,66,75,102,98,73,129,126,105,84,55,11"/><W30/><G129/><T12/><D39/><U10/><E121/><V58/><F58/><W46/><G113/><T109/><D37/><U115/><E115/><V63/><F63/><W2/><G126/><T7/><D109/><U103/><E130/><V80/><REACH who="2" step="1"/><F17/><REACH who="2" ten="386,250,147,197" step="2"/><W71/><G71/><T53/><D45/><U38/><E110/><V14/><F14/><W49/><G66/><T125/><D125/><U95/><E67/><V107/><F107/><W101/><G2/><T85/><D56/><U104/><E106/><V94/><F94/><W33/><G105/><T41/><D62/><U120/><E104/><V97/><F97/><W108/><G98/><T50/><D99/><U65/><E65/><V54/><F54/><W114/><G108/><T28/><D53/><U64/><E64/><V122/><F122/><W57/><G114/><T16/><D44/><U86/><E120/><V111/><F111/><W36/><G57/><T77/><D41/><U92/><E92/><V93/><F93/><W117/><G46/><T132/><D12/><U19/><E119/><V21/><F21/><W18/><G117/><T61/><D22/><U69/><E69/><V48/><F48/><W79/><G49/><T72/><D51/><U29/><E38/><V68/><F68/><W13/><G36/><T116/><D50/><U24/><E10/><V34/><F34/><W59/><G55/><T8/><D116/><U118/><E118/><V123/><F123/><W127/><G59/><T70/><D8/><U81/><E19/><V6/><AGARI ba="1,2" hai="0,6,9,32,35,40,42,43,74,78,80,82,87,91" machi="6" ten="30,4000,0" yaku="1,1,0,1,53,1" doraHai="131" doraHaiUra="1" who="2" fromWho="2" sc="386,-11,250,-11,147,63,197,-21" /><INIT seed="4,0,0,5,4,56" ten="375,239,210,176" oya="0" hai0="3,122,65,14,57,9,135,44,74,19,92,72,110" hai1="113,66,41,25,32,54,7,77,114,34,100,129,121" hai2="131,103,45,80,13,88,61,24,116,87,109,4,6" hai3="49,16,133,85,0,82,75,117,130,105,102,47,10"/><T59/><D122/><U18/><E121/><V99/><F109/><W78/><G117/><T107/><D107/><U90/><E129/><V71/><F131/><W28/><G130/><T79/><D110/><U21/><E7/><V60/><F116/><W55/><G133/><T70/><D3/><U68/><E77/><V63/><F71/><W104/><G28/><T20/><D135/><U91/><E100/><V52/><F24/><W50/><G102/><T98/><D70/><U15/><E54/><V134/><F13/><W67/><G67/><T118/><D44/><U83/><E41/><V95/><F134/><W81/><G50/><AGARI ba="0,0" hai="4,6,45,50,52,60,61,63,80,87,88,95,99,103" machi="50" ten="40,12000,2" yaku="8,1,52,3,54,2" doraHai="56" who="2" fromWho="3" sc="375,0,239,0,210,120,176,-120" /><INIT seed="5,0,0,2,1,101" ten="375,239,330,56" oya="1" hai0="21,85,65,9,62,99,17,59,113,84,75,104,73" hai1="58,5,15,128,107,126,24,35,18,130,94,86,121" hai2="118,123,91,68,125,55,122,40,46,45,4,36,129" hai3="70,98,135,3,56,82,22,100,119,44,14,30,60"/><U133/><E121/><V106/><F91/><W132/><G3/><T92/><D113/><U33/><E126/><V16/><F106/><N who="3" m="63767" /><G119/><T41/><D41/><U29/><E133/><N who="3" m="51274" /><G70/><T102/><D9/><N who="1" m="6511" /><E5/><V47/><F16/><N who="3" m="10519" /><G30/><T69/><D69/><U114/><E114/><V50/><F68/><W23/><G23/><T96/><D73/><U12/><E12/><V32/><F118/><W115/><G115/><T83/><D75/><U89/><E35/><V120/><F32/><W2/><G2/><T64/><D84/><U0/><E0/><V87/><F87/><W25/><G25/><T76/><D96/><U79/><E79/><V90/><F120/><W134/><N who="3" m="51282" /><W74/><DORA hai="13" /><G44/><T8/><D8/><U53/><E107/><V66/><F122/><W57/><G60/><T78/><D104/><U116/><E116/><V67/><F123/><W95/><G95/><T48/><D78/><AGARI ba="0,0" hai="56,57,74,78,82" m="10519,51282,63767" machi="78" ten="40,8000,1" yaku="20,1,52,2,54,1" doraHai="101,13" who="3" fromWho="0" sc="375,-80,239,0,330,0,56,80" /><INIT seed="6,0,0,3,3,42" ten="295,239,330,136" oya="2" hai0="1,47,65,71,63,120,83,16,90,22,33,54,88" hai1="104,24,57,68,20,27,74,46,55,132,37,79,7" hai2="102,53,8,111,81,91,114,61,15,25,99,134,92" hai3="95,98,113,86,129,108,85,13,14,76,31,77,96"/><V32/><F114/><W18/><G108/><T126/><D120/><U28/><E104/><V106/><F134/><W103/><G113/><T117/><D33/><U116/><E116/><V10/><F111/><W29/><G129/><T9/><D117/><U5/><E68/><V6/><F81/><W89/><G18/><T109/><D109/><U50/><E132/><V36/><F36/><W35/><G35/><T34/><D34/><U4/><E37/><V110/><F110/><W100/><G95/><T127/><D9/><U121/><E121/><V93/><F8/><W105/><REACH who="3" step="1"/><G89/><REACH who="3" ten="295,239,330,126" step="2"/><T94/><D90/><U119/><E119/><V56/><F91/><W70/><G70/><T67/><D94/><U78/><E74/><V118/><F118/><W17/><G17/><T107/><D71/><U75/><E75/><V123/><F123/><W0/><G0/><T45/><D1/><U112/><E112/><V131/><F131/><W19/><G19/><T23/><D107/><AGARI ba="0,1" hai="13,14,29,31,76,77,85,86,96,98,100,103,105,107" machi="107" ten="25,3200,0" yaku="1,1,22,2,53,0" doraHai="42" doraHaiUra="38" who="3" fromWho="0" sc="295,-32,239,0,330,0,126,42" /><INIT seed="7,0,0,5,1,45" ten="263,239,330,168" oya="3" hai0="133,86,16,111,1,59,135,93,98,50,55,131,43" hai1="70,19,17,105,48,95,83,122,134,5,106,42,65" hai2="3,13,34,54,4,12,60,123,6,66,11,35,23" hai3="32,20,28,117,104,103,62,96,10,26,27,120,69"/><W24/><G117/><T129/><D1/><U118/><E122/><V84/><F123/><W100/><G120/><T76/><D111/><U37/><E37/><V18/><F54/><W115/><G115/><T72/><D72/><U99/><E118/><V31/><F31/><W30/><G103/><T49/><D86/><U87/><E5/><V73/><F73/><W102/><G102/><N who="0" m="60751" /><D76/><U38/><E38/><V64/><F64/><W52/><G10/><T46/><D16/><N who="1" m="6219" /><E65/><V88/><F4/><W33/><G52/><T107/><D107/><U41/><E70/><V79/><F79/><W77/><G77/><T124/><D124/><U97/><E134/><AGARI ba="0,0" hai="43,46,49,50,55,59,129,131,133,134,135" m="60751" machi="134" ten="30,3900,0" yaku="20,1,52,2" doraHai="45" who="0" fromWho="1" sc="263,39,239,-39,330,0,168,0" owari="302,10.0,200,-20.0,330,43.0,168,-33.0" /></mjloggm>
